{"cat":"ORDER","data":{"ts":"2026-01-11T17:56:24.9462857Z","type":"OrderSubmit","orderId":0,"instId":1001,"side":"Buy","px":99.90667469348138,"qty":10}}
{"cat":"PNL","data":{"ts":"2026-01-11T17:56:24.9408021Z","instId":1001,"pos":0,"realPnL":0,"unrealPnL":0}}
{"cat":"PNL","data":{"ts":"2026-01-11T17:56:24.9537019Z","instId":1001,"pos":10,"realPnL":0,"unrealPnL":0}}
{"cat":"PNL","data":{"ts":"2026-01-11T17:56:24.9707935Z","instId":1001,"pos":10,"realPnL":0,"unrealPnL":0.4999999999999716}}
{"cat":"ORDER","data":{"ts":"2026-01-11T17:56:24.9707775Z","type":"OrderSubmit","orderId":0,"instId":1001,"side":"Sell","px":100.00667469348137,"qty":10}}
{"cat":"FILL","data":{"ts":"2026-01-11T17:56:24.9717923Z","fillId":1,"orderId":0,"instId":1001,"side":"Buy","px":99.90667469348138,"qty":10}}
{"cat":"PNL","data":{"ts":"2026-01-11T17:56:24.9868572Z","instId":1001,"pos":0,"realPnL":0.9999999999999432,"unrealPnL":0.4999999999999716}}
{"cat":"PNL","data":{"ts":"2026-01-11T17:56:24.9869426Z","instId":1001,"pos":0,"realPnL":0.9999999999999432,"unrealPnL":0}}
{"cat":"FILL","data":{"ts":"2026-01-11T17:56:24.9870025Z","fillId":2,"orderId":0,"instId":1001,"side":"Sell","px":100.00667469348137,"qty":10}}
{"cat":"PNL","data":{"ts":"2026-01-11T17:56:25.0788349Z","instId":1001,"pos":0,"realPnL":0.9999999999999432,"unrealPnL":0}}
{"cat":"ORDER","data":{"ts":"2026-01-11T17:56:25.0859953Z","type":"OrderSubmit","orderId":0,"instId":1001,"side":"Buy","px":99.86369064436931,"qty":10}}
{"cat":"ORDER","data":{"ts":"2026-01-11T17:56:25.0865286Z","type":"OrderSubmit","orderId":0,"instId":1001,"side":"Sell","px":99.96369064436931,"qty":10}}
{"cat":"PNL","data":{"ts":"2026-01-11T17:56:25.1171214Z","instId":1001,"pos":10,"realPnL":0.9999999999999432,"unrealPnL":0}}
{"cat":"PNL","data":{"ts":"2026-01-11T17:56:25.1172065Z","instId":1001,"pos":10,"realPnL":0.9999999999999432,"unrealPnL":0.4999999999999716}}
{"cat":"FILL","data":{"ts":"2026-01-11T17:56:25.1172479Z","fillId":3,"orderId":0,"instId":1001,"side":"Buy","px":99.86369064436931,"qty":10}}
{"cat":"PNL","data":{"ts":"2026-01-11T17:56:25.1282562Z","instId":1001,"pos":0,"realPnL":1.9999999999998863,"unrealPnL":0.4999999999999716}}
{"cat":"PNL","data":{"ts":"2026-01-11T17:56:25.1283452Z","instId":1001,"pos":0,"realPnL":1.9999999999998863,"unrealPnL":0}}
{"cat":"FILL","data":{"ts":"2026-01-11T17:56:25.1283770Z","fillId":4,"orderId":0,"instId":1001,"side":"Sell","px":99.96369064436931,"qty":10}}
{"cat":"PNL","data":{"ts":"2026-01-11T17:56:25.1860291Z","instId":1001,"pos":0,"realPnL":1.9999999999998863,"unrealPnL":0}}
{"cat":"ORDER","data":{"ts":"2026-01-11T17:56:25.2011343Z","type":"OrderSubmit","orderId":0,"instId":1001,"side":"Buy","px":99.8911671578843,"qty":10}}
{"cat":"ORDER","data":{"ts":"2026-01-11T17:56:25.2012099Z","type":"OrderSubmit","orderId":0,"instId":1001,"side":"Sell","px":99.99116715788429,"qty":10}}
{"cat":"PNL","data":{"ts":"2026-01-11T17:56:25.2166275Z","instId":1001,"pos":10,"realPnL":1.9999999999998863,"unrealPnL":0}}
{"cat":"PNL","data":{"ts":"2026-01-11T17:56:25.2167085Z","instId":1001,"pos":10,"realPnL":1.9999999999998863,"unrealPnL":0.4999999999999716}}
{"cat":"FILL","data":{"ts":"2026-01-11T17:56:25.2167383Z","fillId":5,"orderId":0,"instId":1001,"side":"Buy","px":99.8911671578843,"qty":10}}
{"cat":"SYSTEM","data":{"ts":"2026-01-11T17:56:25.2204067Z","level":"INFO","comp":"EXECUTION","msg":"Partial fill for Order 0: 2/10"}}
{"cat":"PNL","data":{"ts":"2026-01-11T17:56:25.2217334Z","instId":1001,"pos":8,"realPnL":2.199999999999875,"unrealPnL":0.4999999999999716}}
{"cat":"PNL","data":{"ts":"2026-01-11T17:56:25.2217502Z","instId":1001,"pos":8,"realPnL":2.199999999999875,"unrealPnL":0.39999999999997726}}
{"cat":"FILL","data":{"ts":"2026-01-11T17:56:25.2217680Z","fillId":6,"orderId":0,"instId":1001,"side":"Sell","px":99.99116715788429,"qty":2}}
{"cat":"PNL","data":{"ts":"2026-01-11T17:56:25.2945274Z","instId":1001,"pos":8,"realPnL":2.199999999999875,"unrealPnL":0.4089114150074238}}
{"cat":"ORDER","data":{"ts":"2026-01-11T17:56:25.3036654Z","type":"OrderSubmit","orderId":0,"instId":1001,"side":"Buy","px":99.89228108476023,"qty":10}}
{"cat":"ORDER","data":{"ts":"2026-01-11T17:56:25.3037605Z","type":"OrderSubmit","orderId":0,"instId":1001,"side":"Sell","px":99.99228108476022,"qty":10}}
{"cat":"PNL","data":{"ts":"2026-01-11T17:56:25.3191738Z","instId":1001,"pos":18,"realPnL":2.199999999999875,"unrealPnL":0.4089114150074238}}
{"cat":"PNL","data":{"ts":"2026-01-11T17:56:25.3192601Z","instId":1001,"pos":18,"realPnL":2.199999999999875,"unrealPnL":0.9089114150073385}}
{"cat":"FILL","data":{"ts":"2026-01-11T17:56:25.3192891Z","fillId":7,"orderId":0,"instId":1001,"side":"Buy","px":99.89228108476023,"qty":10}}
{"cat":"PNL","data":{"ts":"2026-01-11T17:56:25.3279645Z","instId":1001,"pos":8,"realPnL":3.2049507861150346,"unrealPnL":0.9089114150073385}}
{"cat":"PNL","data":{"ts":"2026-01-11T17:56:25.3280439Z","instId":1001,"pos":8,"realPnL":3.2049507861150346,"unrealPnL":0.40396062889215045}}
{"cat":"FILL","data":{"ts":"2026-01-11T17:56:25.3280716Z","fillId":8,"orderId":0,"instId":1001,"side":"Sell","px":99.99228108476022,"qty":10}}
{"cat":"PNL","data":{"ts":"2026-01-11T17:56:25.4020102Z","instId":1001,"pos":8,"realPnL":3.2049507861150346,"unrealPnL":0.6419530756862741}}
{"cat":"ORDER","data":{"ts":"2026-01-11T17:56:25.4180887Z","type":"OrderSubmit","orderId":0,"instId":1001,"side":"Buy","px":99.9220301406095,"qty":10}}
{"cat":"ORDER","data":{"ts":"2026-01-11T17:56:25.4181683Z","type":"OrderSubmit","orderId":0,"instId":1001,"side":"Sell","px":100.02203014060949,"qty":10}}
{"cat":"PNL","data":{"ts":"2026-01-11T17:56:25.4335990Z","instId":1001,"pos":18,"realPnL":3.2049507861150346,"unrealPnL":0.6419530756862741}}
{"cat":"PNL","data":{"ts":"2026-01-11T17:56:25.4337323Z","instId":1001,"pos":18,"realPnL":3.2049507861150346,"unrealPnL":1.1419530756864447}}
{"cat":"FILL","data":{"ts":"2026-01-11T17:56:25.4337683Z","fillId":9,"orderId":0,"instId":1001,"side":"Buy","px":99.9220301406095,"qty":10}}
{"cat":"PNL","data":{"ts":"2026-01-11T17:56:25.4365200Z","instId":1001,"pos":8,"realPnL":4.339369161496364,"unrealPnL":1.1419530756864447}}
{"cat":"PNL","data":{"ts":"2026-01-11T17:56:25.4366104Z","instId":1001,"pos":8,"realPnL":4.339369161496364,"unrealPnL":0.5075347003050865}}
{"cat":"FILL","data":{"ts":"2026-01-11T17:56:25.4366495Z","fillId":10,"orderId":0,"instId":1001,"side":"Sell","px":100.02203014060949,"qty":10}}
{"cat":"PNL","data":{"ts":"2026-01-11T17:56:25.5174913Z","instId":1001,"pos":8,"realPnL":4.339369161496364,"unrealPnL":0.7693813331237607}}
{"cat":"ORDER","data":{"ts":"2026-01-11T17:56:25.5275231Z","type":"OrderSubmit","orderId":0,"instId":1001,"side":"Buy","px":99.95476096971183,"qty":10}}
{"cat":"ORDER","data":{"ts":"2026-01-11T17:56:25.5276204Z","type":"OrderSubmit","orderId":0,"instId":1001,"side":"Sell","px":100.05476096971182,"qty":10}}
{"cat":"PNL","data":{"ts":"2026-01-11T17:56:25.5602662Z","instId":1001,"pos":18,"realPnL":4.339369161496364,"unrealPnL":0.7693813331237607}}
{"cat":"PNL","data":{"ts":"2026-01-11T17:56:25.5603555Z","instId":1001,"pos":18,"realPnL":4.339369161496364,"unrealPnL":1.2693813331235901}}
{"cat":"FILL","data":{"ts":"2026-01-11T17:56:25.5603910Z","fillId":11,"orderId":0,"instId":1001,"side":"Buy","px":99.95476096971183,"qty":10}}
{"cat":"PNL","data":{"ts":"2026-01-11T17:56:25.5604052Z","instId":1001,"pos":8,"realPnL":5.544581013231664,"unrealPnL":1.2693813331235901}}
{"cat":"PNL","data":{"ts":"2026-01-11T17:56:25.5604119Z","instId":1001,"pos":8,"realPnL":5.544581013231664,"unrealPnL":0.5641694813882623}}
{"cat":"FILL","data":{"ts":"2026-01-11T17:56:25.5604202Z","fillId":12,"orderId":0,"instId":1001,"side":"Sell","px":100.05476096971182,"qty":10}}
{"cat":"PNL","data":{"ts":"2026-01-11T17:56:25.6327099Z","instId":1001,"pos":8,"realPnL":5.544581013231664,"unrealPnL":0.29693651763477646}}
{"cat":"ORDER","data":{"ts":"2026-01-11T17:56:25.6358569Z","type":"OrderSubmit","orderId":0,"instId":1001,"side":"Buy","px":99.92135684924264,"qty":10}}
{"cat":"ORDER","data":{"ts":"2026-01-11T17:56:25.6359143Z","type":"OrderSubmit","orderId":0,"instId":1001,"side":"Sell","px":100.02135684924264,"qty":10}}
{"cat":"PNL","data":{"ts":"2026-01-11T17:56:25.6607864Z","instId":1001,"pos":18,"realPnL":5.544581013231664,"unrealPnL":0.29693651763477646}}
{"cat":"PNL","data":{"ts":"2026-01-11T17:56:25.6608875Z","instId":1001,"pos":18,"realPnL":5.544581013231664,"unrealPnL":0.7969365176345491}}
{"cat":"FILL","data":{"ts":"2026-01-11T17:56:25.6609337Z","fillId":13,"orderId":0,"instId":1001,"side":"Buy","px":99.92135684924264,"qty":10}}
{"cat":"PNL","data":{"ts":"2026-01-11T17:56:25.6760187Z","instId":1001,"pos":8,"realPnL":6.487323523028607,"unrealPnL":0.7969365176345491}}
{"cat":"PNL","data":{"ts":"2026-01-11T17:56:25.6760966Z","instId":1001,"pos":8,"realPnL":6.487323523028607,"unrealPnL":0.3541940078375774}}
{"cat":"FILL","data":{"ts":"2026-01-11T17:56:25.6761283Z","fillId":14,"orderId":0,"instId":1001,"side":"Sell","px":100.02135684924264,"qty":10}}
{"cat":"PNL","data":{"ts":"2026-01-11T17:56:25.7360092Z","instId":1001,"pos":8,"realPnL":6.487323523028607,"unrealPnL":0.5430985066293488}}
{"cat":"ORDER","data":{"ts":"2026-01-11T17:56:25.7451821Z","type":"OrderSubmit","orderId":0,"instId":1001,"side":"Buy","px":99.94496991159161,"qty":10}}
{"cat":"ORDER","data":{"ts":"2026-01-11T17:56:25.7452730Z","type":"OrderSubmit","orderId":0,"instId":1001,"side":"Sell","px":100.04496991159161,"qty":10}}
{"cat":"PNL","data":{"ts":"2026-01-11T17:56:25.7760180Z","instId":1001,"pos":18,"realPnL":6.487323523028607,"unrealPnL":0.5430985066293488}}
{"cat":"PNL","data":{"ts":"2026-01-11T17:56:25.7761012Z","instId":1001,"pos":18,"realPnL":6.487323523028607,"unrealPnL":1.043098506629292}}
{"cat":"FILL","data":{"ts":"2026-01-11T17:56:25.7761356Z","fillId":15,"orderId":0,"instId":1001,"side":"Buy","px":99.94496991159161,"qty":10}}
{"cat":"SYSTEM","data":{"ts":"2026-01-11T17:56:25.7859036Z","level":"INFO","comp":"EXECUTION","msg":"Partial fill for Order 0: 6/10"}}
{"cat":"PNL","data":{"ts":"2026-01-11T17:56:25.7860112Z","instId":1001,"pos":12,"realPnL":7.135023025238354,"unrealPnL":1.043098506629292}}
{"cat":"PNL","data":{"ts":"2026-01-11T17:56:25.7860554Z","instId":1001,"pos":12,"realPnL":7.135023025238354,"unrealPnL":0.695399004419528}}
{"cat":"FILL","data":{"ts":"2026-01-11T17:56:25.7860865Z","fillId":16,"orderId":0,"instId":1001,"side":"Sell","px":100.04496991159161,"qty":6}}
{"cat":"PNL","data":{"ts":"2026-01-11T17:56:25.8449046Z","instId":1001,"pos":12,"realPnL":7.135023025238354,"unrealPnL":0.40765864212937686}}
{"cat":"ORDER","data":{"ts":"2026-01-11T17:56:25.8603710Z","type":"OrderSubmit","orderId":0,"instId":1001,"side":"Buy","px":99.92099154806743,"qty":10}}
{"cat":"ORDER","data":{"ts":"2026-01-11T17:56:25.8605065Z","type":"OrderSubmit","orderId":0,"instId":1001,"side":"Sell","px":100.02099154806743,"qty":10}}
{"cat":"PNL","data":{"ts":"2026-01-11T17:56:25.8779962Z","instId":1001,"pos":22,"realPnL":7.135023025238354,"unrealPnL":0.40765864212937686}}
{"cat":"PNL","data":{"ts":"2026-01-11T17:56:25.8780707Z","instId":1001,"pos":22,"realPnL":7.135023025238354,"unrealPnL":0.9076586421291495}}
{"cat":"FILL","data":{"ts":"2026-01-11T17:56:25.8782174Z","fillId":17,"orderId":0,"instId":1001,"side":"Buy","px":99.92099154806743,"qty":10}}
{"cat":"SYSTEM","data":{"ts":"2026-01-11T17:56:25.8858776Z","level":"INFO","comp":"EXECUTION","msg":"Partial fill for Order 0: 8/10"}}
{"cat":"PNL","data":{"ts":"2026-01-11T17:56:25.8859265Z","instId":1001,"pos":14,"realPnL":7.865080713285295,"unrealPnL":0.9076586421291495}}
{"cat":"PNL","data":{"ts":"2026-01-11T17:56:25.8859382Z","instId":1001,"pos":14,"realPnL":7.865080713285295,"unrealPnL":0.577600954082186}}
{"cat":"FILL","data":{"ts":"2026-01-11T17:56:25.8859626Z","fillId":18,"orderId":0,"instId":1001,"side":"Sell","px":100.02099154806743,"qty":8}}
{"cat":"PNL","data":{"ts":"2026-01-11T17:56:25.9601944Z","instId":1001,"pos":14,"realPnL":7.865080713285295,"unrealPnL":0.5860077455961061}}
{"cat":"ORDER","data":{"ts":"2026-01-11T17:56:25.9751695Z","type":"OrderSubmit","orderId":0,"instId":1001,"side":"Buy","px":99.92159203317557,"qty":10}}
{"cat":"ORDER","data":{"ts":"2026-01-11T17:56:25.9752306Z","type":"OrderSubmit","orderId":0,"instId":1001,"side":"Sell","px":100.02159203317557,"qty":10}}
{"cat":"PNL","data":{"ts":"2026-01-11T17:56:25.9873641Z","instId":1001,"pos":24,"realPnL":7.865080713285295,"unrealPnL":0.5860077455961061}}
{"cat":"PNL","data":{"ts":"2026-01-11T17:56:25.9874144Z","instId":1001,"pos":24,"realPnL":7.865080713285295,"unrealPnL":1.0860077455960209}}
{"cat":"FILL","data":{"ts":"2026-01-11T17:56:25.9874492Z","fillId":19,"orderId":0,"instId":1001,"side":"Buy","px":99.92159203317557,"qty":10}}
{"cat":"PNL","data":{"ts":"2026-01-11T17:56:26.0032672Z","instId":1001,"pos":14,"realPnL":8.817583940616942,"unrealPnL":1.0860077455960209}}
{"cat":"PNL","data":{"ts":"2026-01-11T17:56:26.0033335Z","instId":1001,"pos":14,"realPnL":8.817583940616942,"unrealPnL":0.6335045182643455}}
{"cat":"FILL","data":{"ts":"2026-01-11T17:56:26.0033766Z","fillId":20,"orderId":0,"instId":1001,"side":"Sell","px":100.02159203317557,"qty":10}}
{"cat":"PNL","data":{"ts":"2026-01-11T17:56:26.0614758Z","instId":1001,"pos":14,"realPnL":8.817583940616942,"unrealPnL":0.25588772950194993}}
{"cat":"ORDER","data":{"ts":"2026-01-11T17:56:26.0695419Z","type":"OrderSubmit","orderId":0,"instId":1001,"side":"Buy","px":99.89461940540683,"qty":10}}
{"cat":"ORDER","data":{"ts":"2026-01-11T17:56:26.0695774Z","type":"OrderSubmit","orderId":0,"instId":1001,"side":"Sell","px":99.99461940540682,"qty":10}}
{"cat":"PNL","data":{"ts":"2026-01-11T17:56:26.0808396Z","instId":1001,"pos":24,"realPnL":8.817583940616942,"unrealPnL":0.25588772950194993}}
{"cat":"PNL","data":{"ts":"2026-01-11T17:56:26.0809107Z","instId":1001,"pos":24,"realPnL":8.817583940616942,"unrealPnL":0.7558877295019784}}
{"cat":"FILL","data":{"ts":"2026-01-11T17:56:26.0809418Z","fillId":21,"orderId":0,"instId":1001,"side":"Buy","px":99.89461940540683,"qty":10}}
{"cat":"PNL","data":{"ts":"2026-01-11T17:56:26.0866504Z","instId":1001,"pos":14,"realPnL":9.632537161242738,"unrealPnL":0.7558877295019784}}
{"cat":"PNL","data":{"ts":"2026-01-11T17:56:26.0867147Z","instId":1001,"pos":14,"realPnL":9.632537161242738,"unrealPnL":0.44093450887615404}}
{"cat":"FILL","data":{"ts":"2026-01-11T17:56:26.0867782Z","fillId":22,"orderId":0,"instId":1001,"side":"Sell","px":99.99461940540682,"qty":10}}
{"cat":"PNL","data":{"ts":"2026-01-11T17:56:26.1618362Z","instId":1001,"pos":14,"realPnL":9.632537161242738,"unrealPnL":0.2829311294445631}}
{"cat":"ORDER","data":{"ts":"2026-01-11T17:56:26.1769212Z","type":"OrderSubmit","orderId":0,"instId":1001,"side":"Buy","px":99.88333344973314,"qty":10}}
{"cat":"ORDER","data":{"ts":"2026-01-11T17:56:26.1769767Z","type":"OrderSubmit","orderId":0,"instId":1001,"side":"Sell","px":99.98333344973314,"qty":10}}
{"cat":"PNL","data":{"ts":"2026-01-11T17:56:26.1866080Z","instId":1001,"pos":24,"realPnL":9.632537161242738,"unrealPnL":0.2829311294445631}}
{"cat":"PNL","data":{"ts":"2026-01-11T17:56:26.1866684Z","instId":1001,"pos":24,"realPnL":9.632537161242738,"unrealPnL":0.7829311294444778}}
{"cat":"FILL","data":{"ts":"2026-01-11T17:56:26.1867062Z","fillId":23,"orderId":0,"instId":1001,"side":"Buy","px":99.88333344973314,"qty":10}}
{"cat":"PNL","data":{"ts":"2026-01-11T17:56:26.2017357Z","instId":1001,"pos":14,"realPnL":10.458758465177908,"unrealPnL":0.7829311294444778}}
{"cat":"PNL","data":{"ts":"2026-01-11T17:56:26.2017842Z","instId":1001,"pos":14,"realPnL":10.458758465177908,"unrealPnL":0.45670982550927874}}
{"cat":"FILL","data":{"ts":"2026-01-11T17:56:26.2018263Z","fillId":24,"orderId":0,"instId":1001,"side":"Sell","px":99.98333344973314,"qty":10}}
{"cat":"PNL","data":{"ts":"2026-01-11T17:56:26.2685905Z","instId":1001,"pos":14,"realPnL":10.458758465177908,"unrealPnL":0.059082686651777294}}
{"cat":"ORDER","data":{"ts":"2026-01-11T17:56:26.2785204Z","type":"OrderSubmit","orderId":0,"instId":1001,"side":"Buy","px":99.85493151124332,"qty":10}}
{"cat":"ORDER","data":{"ts":"2026-01-11T17:56:26.2785591Z","type":"OrderSubmit","orderId":0,"instId":1001,"side":"Sell","px":99.95493151124332,"qty":10}}
{"cat":"PNL","data":{"ts":"2026-01-11T17:56:26.2857206Z","instId":1001,"pos":24,"realPnL":10.458758465177908,"unrealPnL":0.059082686651777294}}
{"cat":"PNL","data":{"ts":"2026-01-11T17:56:26.2858456Z","instId":1001,"pos":24,"realPnL":10.458758465177908,"unrealPnL":0.5590826866517773}}
{"cat":"FILL","data":{"ts":"2026-01-11T17:56:26.2858825Z","fillId":25,"orderId":0,"instId":1001,"side":"Buy","px":99.85493151124332,"qty":10}}
{"cat":"PNL","data":{"ts":"2026-01-11T17:56:26.2893423Z","instId":1001,"pos":14,"realPnL":11.19170958461612,"unrealPnL":0.5590826866517773}}
{"cat":"PNL","data":{"ts":"2026-01-11T17:56:26.2893822Z","instId":1001,"pos":14,"realPnL":11.19170958461612,"unrealPnL":0.32613156721353675}}
{"cat":"FILL","data":{"ts":"2026-01-11T17:56:26.2894014Z","fillId":26,"orderId":0,"instId":1001,"side":"Sell","px":99.95493151124332,"qty":10}}
{"cat":"PNL","data":{"ts":"2026-01-11T17:56:26.3691497Z","instId":1001,"pos":14,"realPnL":11.19170958461612,"unrealPnL":-0.3447331939279934}}
{"cat":"ORDER","data":{"ts":"2026-01-11T17:56:26.3810730Z","type":"OrderSubmit","orderId":0,"instId":1001,"side":"Buy","px":99.80701259973321,"qty":10}}
{"cat":"ORDER","data":{"ts":"2026-01-11T17:56:26.3811194Z","type":"OrderSubmit","orderId":0,"instId":1001,"side":"Sell","px":99.9070125997332,"qty":10}}
{"cat":"PNL","data":{"ts":"2026-01-11T17:56:26.3894427Z","instId":1001,"pos":24,"realPnL":11.19170958461612,"unrealPnL":-0.3447331939279934}}
{"cat":"PNL","data":{"ts":"2026-01-11T17:56:26.3894917Z","instId":1001,"pos":24,"realPnL":11.19170958461612,"unrealPnL":0.15526680607217713}}
{"cat":"FILL","data":{"ts":"2026-01-11T17:56:26.3895216Z","fillId":27,"orderId":0,"instId":1001,"side":"Buy","px":99.80701259973321,"qty":10}}
{"cat":"PNL","data":{"ts":"2026-01-11T17:56:26.4043862Z","instId":1001,"pos":14,"realPnL":11.756404087146166,"unrealPnL":0.15526680607217713}}
{"cat":"PNL","data":{"ts":"2026-01-11T17:56:26.4044243Z","instId":1001,"pos":14,"realPnL":11.756404087146166,"unrealPnL":0.09057230354210333}}
{"cat":"FILL","data":{"ts":"2026-01-11T17:56:26.4044485Z","fillId":28,"orderId":0,"instId":1001,"side":"Sell","px":99.9070125997332,"qty":10}}
{"cat":"PNL","data":{"ts":"2026-01-11T17:56:26.4786511Z","instId":1001,"pos":14,"realPnL":11.756404087146166,"unrealPnL":-0.4206606532414696}}
{"cat":"ORDER","data":{"ts":"2026-01-11T17:56:26.4857224Z","type":"OrderSubmit","orderId":0,"instId":1001,"side":"Buy","px":99.77049595996296,"qty":10}}
{"cat":"ORDER","data":{"ts":"2026-01-11T17:56:26.4857527Z","type":"OrderSubmit","orderId":0,"instId":1001,"side":"Sell","px":99.87049595996295,"qty":10}}
{"cat":"PNL","data":{"ts":"2026-01-11T17:56:26.4972841Z","instId":1001,"pos":24,"realPnL":11.756404087146166,"unrealPnL":-0.4206606532414696}}
{"cat":"PNL","data":{"ts":"2026-01-11T17:56:26.4973474Z","instId":1001,"pos":24,"realPnL":11.756404087146166,"unrealPnL":0.07933934675850196}}
{"cat":"FILL","data":{"ts":"2026-01-11T17:56:26.4973843Z","fillId":29,"orderId":0,"instId":1001,"side":"Buy","px":99.77049595996296,"qty":10}}
{"cat":"PNL","data":{"ts":"2026-01-11T17:56:26.5052266Z","instId":1001,"pos":14,"realPnL":12.289462148295513,"unrealPnL":0.07933934675850196}}
{"cat":"PNL","data":{"ts":"2026-01-11T17:56:26.5052722Z","instId":1001,"pos":14,"realPnL":12.289462148295513,"unrealPnL":0.046281285609126144}}
{"cat":"FILL","data":{"ts":"2026-01-11T17:56:26.5053168Z","fillId":30,"orderId":0,"instId":1001,"side":"Sell","px":99.87049595996295,"qty":10}}
{"cat":"PNL","data":{"ts":"2026-01-11T17:56:26.5822839Z","instId":1001,"pos":14,"realPnL":12.289462148295513,"unrealPnL":0.3834457125939821}}
{"cat":"ORDER","data":{"ts":"2026-01-11T17:56:26.5857852Z","type":"OrderSubmit","orderId":0,"instId":1001,"side":"Buy","px":99.79457913331902,"qty":10}}
{"cat":"ORDER","data":{"ts":"2026-01-11T17:56:26.5858304Z","type":"OrderSubmit","orderId":0,"instId":1001,"side":"Sell","px":99.89457913331901,"qty":10}}
{"cat":"PNL","data":{"ts":"2026-01-11T17:56:26.6182351Z","instId":1001,"pos":24,"realPnL":12.289462148295513,"unrealPnL":0.3834457125939821}}
{"cat":"PNL","data":{"ts":"2026-01-11T17:56:26.6182995Z","instId":1001,"pos":24,"realPnL":12.289462148295513,"unrealPnL":0.8834457125941526}}
{"cat":"FILL","data":{"ts":"2026-01-11T17:56:26.6183932Z","fillId":31,"orderId":0,"instId":1001,"side":"Buy","px":99.79457913331902,"qty":10}}
{"cat":"SYSTEM","data":{"ts":"2026-01-11T17:56:26.6312607Z","level":"INFO","comp":"EXECUTION","msg":"Partial fill for Order 0: 1/10"}}
{"cat":"PNL","data":{"ts":"2026-01-11T17:56:26.6313363Z","instId":1001,"pos":23,"realPnL":12.376272386320267,"unrealPnL":0.8834457125941526}}
{"cat":"PNL","data":{"ts":"2026-01-11T17:56:26.6313697Z","instId":1001,"pos":23,"realPnL":12.376272386320267,"unrealPnL":0.8466354745693963}}
{"cat":"FILL","data":{"ts":"2026-01-11T17:56:26.6314100Z","fillId":32,"orderId":0,"instId":1001,"side":"Sell","px":99.89457913331901,"qty":1}}
{"cat":"PNL","data":{"ts":"2026-01-11T17:56:26.6823107Z","instId":1001,"pos":23,"realPnL":12.376272386320267,"unrealPnL":0.14534493074886257}}
{"cat":"ORDER","data":{"ts":"2026-01-11T17:56:26.6858650Z","type":"OrderSubmit","orderId":0,"instId":1001,"side":"Buy","px":99.76408824010943,"qty":10}}
{"cat":"ORDER","data":{"ts":"2026-01-11T17:56:26.6859186Z","type":"OrderSubmit","orderId":0,"instId":1001,"side":"Sell","px":99.86408824010942,"qty":10}}
{"cat":"PNL","data":{"ts":"2026-01-11T17:56:26.6941363Z","instId":1001,"pos":33,"realPnL":12.376272386320267,"unrealPnL":0.14534493074886257}}
{"cat":"PNL","data":{"ts":"2026-01-11T17:56:26.6941671Z","instId":1001,"pos":33,"realPnL":12.376272386320267,"unrealPnL":0.6453449307485499}}
{"cat":"FILL","data":{"ts":"2026-01-11T17:56:26.6941880Z","fillId":33,"orderId":0,"instId":1001,"side":"Buy","px":99.76408824010943,"qty":10}}
{"cat":"PNL","data":{"ts":"2026-01-11T17:56:26.7052505Z","instId":1001,"pos":23,"realPnL":13.071831456244041,"unrealPnL":0.6453449307485499}}
{"cat":"PNL","data":{"ts":"2026-01-11T17:56:26.7052853Z","instId":1001,"pos":23,"realPnL":13.071831456244041,"unrealPnL":0.4497858608247469}}
{"cat":"FILL","data":{"ts":"2026-01-11T17:56:26.7053027Z","fillId":34,"orderId":0,"instId":1001,"side":"Sell","px":99.86408824010942,"qty":10}}
{"cat":"PNL","data":{"ts":"2026-01-11T17:56:26.7875066Z","instId":1001,"pos":23,"realPnL":13.071831456244041,"unrealPnL":1.3399768623816328}}
{"cat":"ORDER","data":{"ts":"2026-01-11T17:56:26.7984474Z","type":"OrderSubmit","orderId":0,"instId":1001,"side":"Buy","px":99.80279219669886,"qty":10}}
{"cat":"ORDER","data":{"ts":"2026-01-11T17:56:26.7984963Z","type":"OrderSubmit","orderId":0,"instId":1001,"side":"Sell","px":99.90279219669885,"qty":10}}
{"cat":"PNL","data":{"ts":"2026-01-11T17:56:26.8139153Z","instId":1001,"pos":33,"realPnL":13.071831456244041,"unrealPnL":1.3399768623816328}}
{"cat":"PNL","data":{"ts":"2026-01-11T17:56:26.8139845Z","instId":1001,"pos":33,"realPnL":13.071831456244041,"unrealPnL":1.8399768623812776}}
{"cat":"FILL","data":{"ts":"2026-01-11T17:56:26.8140196Z","fillId":35,"orderId":0,"instId":1001,"side":"Buy","px":99.80279219669886,"qty":10}}
{"cat":"PNL","data":{"ts":"2026-01-11T17:56:26.8274780Z","instId":1001,"pos":23,"realPnL":14.129400202420157,"unrealPnL":1.8399768623812776}}
{"cat":"PNL","data":{"ts":"2026-01-11T17:56:26.8275461Z","instId":1001,"pos":23,"realPnL":14.129400202420157,"unrealPnL":1.2824081162051328}}
{"cat":"FILL","data":{"ts":"2026-01-11T17:56:26.8275971Z","fillId":36,"orderId":0,"instId":1001,"side":"Sell","px":99.90279219669885,"qty":10}}
{"cat":"PNL","data":{"ts":"2026-01-11T17:56:26.8983831Z","instId":1001,"pos":23,"realPnL":14.129400202420157,"unrealPnL":2.112939527348317}}
{"cat":"ORDER","data":{"ts":"2026-01-11T17:56:26.9138814Z","type":"OrderSubmit","orderId":0,"instId":1001,"side":"Buy","px":99.83890225805291,"qty":10}}
{"cat":"ORDER","data":{"ts":"2026-01-11T17:56:26.9140605Z","type":"OrderSubmit","orderId":0,"instId":1001,"side":"Sell","px":99.9389022580529,"qty":10}}
{"cat":"PNL","data":{"ts":"2026-01-11T17:56:26.9273979Z","instId":1001,"pos":33,"realPnL":14.129400202420157,"unrealPnL":2.112939527348317}}
{"cat":"PNL","data":{"ts":"2026-01-11T17:56:26.9274507Z","instId":1001,"pos":33,"realPnL":14.129400202420157,"unrealPnL":2.6129395273485443}}
{"cat":"FILL","data":{"ts":"2026-01-11T17:56:26.9274853Z","fillId":37,"orderId":0,"instId":1001,"side":"Buy","px":99.83890225805291,"qty":10}}
{"cat":"PNL","data":{"ts":"2026-01-11T17:56:26.9304069Z","instId":1001,"pos":23,"realPnL":15.421200059192415,"unrealPnL":2.6129395273485443}}
{"cat":"PNL","data":{"ts":"2026-01-11T17:56:26.9304630Z","instId":1001,"pos":23,"realPnL":15.421200059192415,"unrealPnL":1.8211396705762581}}
{"cat":"FILL","data":{"ts":"2026-01-11T17:56:26.9305870Z","fillId":38,"orderId":0,"instId":1001,"side":"Sell","px":99.9389022580529,"qty":10}}
{"cat":"PNL","data":{"ts":"2026-01-11T17:56:27.0027157Z","instId":1001,"pos":23,"realPnL":15.421200059192415,"unrealPnL":1.4965293173270027}}
{"cat":"ORDER","data":{"ts":"2026-01-11T17:56:27.0178718Z","type":"OrderSubmit","orderId":0,"instId":1001,"side":"Buy","px":99.82478876443338,"qty":10}}
{"cat":"ORDER","data":{"ts":"2026-01-11T17:56:27.0179103Z","type":"OrderSubmit","orderId":0,"instId":1001,"side":"Sell","px":99.92478876443337,"qty":10}}
{"cat":"PNL","data":{"ts":"2026-01-11T17:56:27.0274702Z","instId":1001,"pos":33,"realPnL":15.421200059192415,"unrealPnL":1.4965293173270027}}
{"cat":"PNL","data":{"ts":"2026-01-11T17:56:27.0275347Z","instId":1001,"pos":33,"realPnL":15.421200059192415,"unrealPnL":1.996529317327088}}
{"cat":"FILL","data":{"ts":"2026-01-11T17:56:27.0275733Z","fillId":39,"orderId":0,"instId":1001,"side":"Buy","px":99.82478876443338,"qty":10}}
{"cat":"PNL","data":{"ts":"2026-01-11T17:56:27.0357501Z","instId":1001,"pos":23,"realPnL":16.5262089432309,"unrealPnL":1.996529317327088}}
{"cat":"PNL","data":{"ts":"2026-01-11T17:56:27.0358117Z","instId":1001,"pos":23,"realPnL":16.5262089432309,"unrealPnL":1.3915204332885764}}
{"cat":"FILL","data":{"ts":"2026-01-11T17:56:27.0358459Z","fillId":40,"orderId":0,"instId":1001,"side":"Sell","px":99.92478876443337,"qty":10}}
{"cat":"PNL","data":{"ts":"2026-01-11T17:56:27.1140667Z","instId":1001,"pos":23,"realPnL":16.5262089432309,"unrealPnL":0.4800356318166479}}
{"cat":"ORDER","data":{"ts":"2026-01-11T17:56:27.1290785Z","type":"OrderSubmit","orderId":0,"instId":1001,"side":"Buy","px":99.78515899045634,"qty":10}}
{"cat":"ORDER","data":{"ts":"2026-01-11T17:56:27.1292301Z","type":"OrderSubmit","orderId":0,"instId":1001,"side":"Sell","px":99.88515899045633,"qty":10}}
{"cat":"PNL","data":{"ts":"2026-01-11T17:56:27.1440668Z","instId":1001,"pos":33,"realPnL":16.5262089432309,"unrealPnL":0.4800356318166479}}
{"cat":"PNL","data":{"ts":"2026-01-11T17:56:27.1441158Z","instId":1001,"pos":33,"realPnL":16.5262089432309,"unrealPnL":0.980035631816861}}
{"cat":"FILL","data":{"ts":"2026-01-11T17:56:27.1441446Z","fillId":41,"orderId":0,"instId":1001,"side":"Buy","px":99.78515899045634,"qty":10}}
{"cat":"PNL","data":{"ts":"2026-01-11T17:56:27.1589415Z","instId":1001,"pos":23,"realPnL":17.323189437720828,"unrealPnL":0.980035631816861}}
{"cat":"PNL","data":{"ts":"2026-01-11T17:56:27.1590847Z","instId":1001,"pos":23,"realPnL":17.323189437720828,"unrealPnL":0.6830551373269032}}
{"cat":"FILL","data":{"ts":"2026-01-11T17:56:27.1591336Z","fillId":42,"orderId":0,"instId":1001,"side":"Sell","px":99.88515899045633,"qty":10}}
{"cat":"PNL","data":{"ts":"2026-01-11T17:56:27.2275636Z","instId":1001,"pos":23,"realPnL":17.323189437720828,"unrealPnL":0.7510961559649019}}
{"cat":"ORDER","data":{"ts":"2026-01-11T17:56:27.2358138Z","type":"OrderSubmit","orderId":0,"instId":1001,"side":"Buy","px":99.78811729561451,"qty":10}}
{"cat":"ORDER","data":{"ts":"2026-01-11T17:56:27.2358572Z","type":"OrderSubmit","orderId":0,"instId":1001,"side":"Sell","px":99.8881172956145,"qty":10}}
{"cat":"PNL","data":{"ts":"2026-01-11T17:56:27.2619937Z","instId":1001,"pos":33,"realPnL":17.323189437720828,"unrealPnL":0.7510961559649019}}
{"cat":"PNL","data":{"ts":"2026-01-11T17:56:27.2620583Z","instId":1001,"pos":33,"realPnL":17.323189437720828,"unrealPnL":1.251096155964433}}
{"cat":"FILL","data":{"ts":"2026-01-11T17:56:27.2620833Z","fillId":43,"orderId":0,"instId":1001,"side":"Buy","px":99.78811729561451,"qty":10}}
{"cat":"PNL","data":{"ts":"2026-01-11T17:56:27.2771518Z","instId":1001,"pos":23,"realPnL":18.20230948498275,"unrealPnL":1.251096155964433}}
{"cat":"PNL","data":{"ts":"2026-01-11T17:56:27.2772143Z","instId":1001,"pos":23,"realPnL":18.20230948498275,"unrealPnL":0.8719761087024835}}
{"cat":"FILL","data":{"ts":"2026-01-11T17:56:27.2772526Z","fillId":44,"orderId":0,"instId":1001,"side":"Sell","px":99.8881172956145,"qty":10}}
{"cat":"PNL","data":{"ts":"2026-01-11T17:56:27.3276387Z","instId":1001,"pos":23,"realPnL":18.20230948498275,"unrealPnL":0.5471126474954247}}
{"cat":"ORDER","data":{"ts":"2026-01-11T17:56:27.3355676Z","type":"OrderSubmit","orderId":0,"instId":1001,"side":"Buy","px":99.77399279730116,"qty":10}}
{"cat":"ORDER","data":{"ts":"2026-01-11T17:56:27.3356156Z","type":"OrderSubmit","orderId":0,"instId":1001,"side":"Sell","px":99.87399279730116,"qty":10}}
{"cat":"PNL","data":{"ts":"2026-01-11T17:56:27.3505746Z","instId":1001,"pos":33,"realPnL":18.20230948498275,"unrealPnL":0.5471126474954247}}
{"cat":"PNL","data":{"ts":"2026-01-11T17:56:27.3506522Z","instId":1001,"pos":33,"realPnL":18.20230948498275,"unrealPnL":1.0471126474950978}}
{"cat":"FILL","data":{"ts":"2026-01-11T17:56:27.3506920Z","fillId":45,"orderId":0,"instId":1001,"side":"Buy","px":99.77399279730116,"qty":10}}
{"cat":"PNL","data":{"ts":"2026-01-11T17:56:27.3662879Z","instId":1001,"pos":23,"realPnL":19.019616347860023,"unrealPnL":1.0471126474950978}}
{"cat":"PNL","data":{"ts":"2026-01-11T17:56:27.3663861Z","instId":1001,"pos":23,"realPnL":19.019616347860023,"unrealPnL":0.7298057846177954}}
{"cat":"FILL","data":{"ts":"2026-01-11T17:56:27.3664374Z","fillId":46,"orderId":0,"instId":1001,"side":"Sell","px":99.87399279730116,"qty":10}}
{"cat":"PNL","data":{"ts":"2026-01-11T17:56:27.4361183Z","instId":1001,"pos":23,"realPnL":19.019616347860023,"unrealPnL":1.2070683913351132}}
{"cat":"ORDER","data":{"ts":"2026-01-11T17:56:27.4454398Z","type":"OrderSubmit","orderId":0,"instId":1001,"side":"Buy","px":99.7947433454193,"qty":10}}
{"cat":"ORDER","data":{"ts":"2026-01-11T17:56:27.4454879Z","type":"OrderSubmit","orderId":0,"instId":1001,"side":"Sell","px":99.8947433454193,"qty":10}}
{"cat":"PNL","data":{"ts":"2026-01-11T17:56:27.4608781Z","instId":1001,"pos":33,"realPnL":19.019616347860023,"unrealPnL":1.2070683913351132}}
{"cat":"PNL","data":{"ts":"2026-01-11T17:56:27.4609742Z","instId":1001,"pos":33,"realPnL":19.019616347860023,"unrealPnL":1.70706839133463}}
{"cat":"FILL","data":{"ts":"2026-01-11T17:56:27.4610482Z","fillId":47,"orderId":0,"instId":1001,"side":"Buy","px":99.7947433454193,"qty":10}}
{"cat":"PNL","data":{"ts":"2026-01-11T17:56:27.4776520Z","instId":1001,"pos":23,"realPnL":20.03690979977958,"unrealPnL":1.70706839133463}}
{"cat":"PNL","data":{"ts":"2026-01-11T17:56:27.4778315Z","instId":1001,"pos":23,"realPnL":20.03690979977958,"unrealPnL":1.1897749394150452}}
{"cat":"FILL","data":{"ts":"2026-01-11T17:56:27.4779277Z","fillId":48,"orderId":0,"instId":1001,"side":"Sell","px":99.8947433454193,"qty":10}}
{"cat":"PNL","data":{"ts":"2026-01-11T17:56:27.5358346Z","instId":1001,"pos":23,"realPnL":20.03690979977958,"unrealPnL":1.3748670527846656}}
{"cat":"ORDER","data":{"ts":"2026-01-11T17:56:27.5370811Z","type":"OrderSubmit","orderId":0,"instId":1001,"side":"Buy","px":99.80279082860929,"qty":10}}
{"cat":"ORDER","data":{"ts":"2026-01-11T17:56:27.5371664Z","type":"OrderSubmit","orderId":0,"instId":1001,"side":"Sell","px":99.90279082860928,"qty":10}}
{"cat":"PNL","data":{"ts":"2026-01-11T17:56:27.5622136Z","instId":1001,"pos":33,"realPnL":20.03690979977958,"unrealPnL":1.3748670527846656}}
{"cat":"PNL","data":{"ts":"2026-01-11T17:56:27.5623112Z","instId":1001,"pos":33,"realPnL":20.03690979977958,"unrealPnL":1.8748670527846514}}
{"cat":"FILL","data":{"ts":"2026-01-11T17:56:27.5624362Z","fillId":49,"orderId":0,"instId":1001,"side":"Buy","px":99.80279082860929,"qty":10}}
{"cat":"PNL","data":{"ts":"2026-01-11T17:56:27.5772759Z","instId":1001,"pos":23,"realPnL":21.105051330926415,"unrealPnL":1.8748670527846514}}
{"cat":"PNL","data":{"ts":"2026-01-11T17:56:27.5775067Z","instId":1001,"pos":23,"realPnL":21.105051330926415,"unrealPnL":1.3067255216377873}}
{"cat":"FILL","data":{"ts":"2026-01-11T17:56:27.5775762Z","fillId":50,"orderId":0,"instId":1001,"side":"Sell","px":99.90279082860928,"qty":10}}
{"cat":"PNL","data":{"ts":"2026-01-11T17:56:27.6359551Z","instId":1001,"pos":23,"realPnL":21.105051330926415,"unrealPnL":1.5839866636640068}}
{"cat":"ORDER","data":{"ts":"2026-01-11T17:56:27.6455302Z","type":"OrderSubmit","orderId":0,"instId":1001,"side":"Buy","px":99.8148456608713,"qty":10}}
{"cat":"ORDER","data":{"ts":"2026-01-11T17:56:27.6455913Z","type":"OrderSubmit","orderId":0,"instId":1001,"side":"Sell","px":99.9148456608713,"qty":10}}
{"cat":"PNL","data":{"ts":"2026-01-11T17:56:27.6609932Z","instId":1001,"pos":33,"realPnL":21.105051330926415,"unrealPnL":1.5839866636640068}}
{"cat":"PNL","data":{"ts":"2026-01-11T17:56:27.6611189Z","instId":1001,"pos":33,"realPnL":21.105051330926415,"unrealPnL":2.0839866636639215}}
{"cat":"FILL","data":{"ts":"2026-01-11T17:56:27.6611795Z","fillId":51,"orderId":0,"instId":1001,"side":"Buy","px":99.8148456608713,"qty":10}}
{"cat":"PNL","data":{"ts":"2026-01-11T17:56:27.6758546Z","instId":1001,"pos":23,"realPnL":22.236562441127575,"unrealPnL":2.0839866636639215}}
{"cat":"PNL","data":{"ts":"2026-01-11T17:56:27.6759210Z","instId":1001,"pos":23,"realPnL":22.236562441127575,"unrealPnL":1.4524755534627332}}
{"cat":"FILL","data":{"ts":"2026-01-11T17:56:27.6759627Z","fillId":52,"orderId":0,"instId":1001,"side":"Sell","px":99.9148456608713,"qty":10}}
{"cat":"PNL","data":{"ts":"2026-01-11T17:56:27.8517967Z","instId":1001,"pos":23,"realPnL":22.236562441127575,"unrealPnL":1.9872178063101131}}
{"cat":"ORDER","data":{"ts":"2026-01-11T17:56:27.8680081Z","type":"OrderSubmit","orderId":0,"instId":1001,"side":"Buy","px":99.83809532403858,"qty":10}}
{"cat":"ORDER","data":{"ts":"2026-01-11T17:56:27.8680374Z","type":"OrderSubmit","orderId":0,"instId":1001,"side":"Sell","px":99.93809532403857,"qty":10}}
{"cat":"PNL","data":{"ts":"2026-01-11T17:56:27.8788583Z","instId":1001,"pos":33,"realPnL":22.236562441127575,"unrealPnL":1.9872178063101131}}
{"cat":"PNL","data":{"ts":"2026-01-11T17:56:27.8789076Z","instId":1001,"pos":33,"realPnL":22.236562441127575,"unrealPnL":2.4872178063099284}}
{"cat":"FILL","data":{"ts":"2026-01-11T17:56:27.8789318Z","fillId":53,"orderId":0,"instId":1001,"side":"Buy","px":99.83809532403858,"qty":10}}
{"cat":"PNL","data":{"ts":"2026-01-11T17:56:27.8855168Z","instId":1001,"pos":23,"realPnL":23.49026480667601,"unrealPnL":2.4872178063099284}}
{"cat":"PNL","data":{"ts":"2026-01-11T17:56:27.8855563Z","instId":1001,"pos":23,"realPnL":23.49026480667601,"unrealPnL":1.7335154407614652}}
{"cat":"FILL","data":{"ts":"2026-01-11T17:56:27.8855877Z","fillId":54,"orderId":0,"instId":1001,"side":"Sell","px":99.93809532403857,"qty":10}}
{"cat":"PNL","data":{"ts":"2026-01-11T17:56:27.9598548Z","instId":1001,"pos":23,"realPnL":23.49026480667601,"unrealPnL":2.30364574273635}}
{"cat":"ORDER","data":{"ts":"2026-01-11T17:56:27.9687675Z","type":"OrderSubmit","orderId":0,"instId":1001,"side":"Buy","px":99.86288359803748,"qty":10}}
{"cat":"ORDER","data":{"ts":"2026-01-11T17:56:27.9688076Z","type":"OrderSubmit","orderId":0,"instId":1001,"side":"Sell","px":99.96288359803748,"qty":10}}
{"cat":"PNL","data":{"ts":"2026-01-11T17:56:27.9787193Z","instId":1001,"pos":33,"realPnL":23.49026480667601,"unrealPnL":2.30364574273635}}
{"cat":"PNL","data":{"ts":"2026-01-11T17:56:27.9787791Z","instId":1001,"pos":33,"realPnL":23.49026480667601,"unrealPnL":2.8036457427361086}}
{"cat":"FILL","data":{"ts":"2026-01-11T17:56:27.9788041Z","fillId":55,"orderId":0,"instId":1001,"side":"Buy","px":99.86288359803748,"qty":10}}
{"cat":"PNL","data":{"ts":"2026-01-11T17:56:27.9865167Z","instId":1001,"pos":23,"realPnL":24.839854425686923,"unrealPnL":2.8036457427361086}}
{"cat":"PNL","data":{"ts":"2026-01-11T17:56:27.9865648Z","instId":1001,"pos":23,"realPnL":24.839854425686923,"unrealPnL":1.9540561237251666}}
{"cat":"FILL","data":{"ts":"2026-01-11T17:56:27.9865917Z","fillId":56,"orderId":0,"instId":1001,"side":"Sell","px":99.96288359803748,"qty":10}}
{"cat":"PNL","data":{"ts":"2026-01-11T17:56:28.0683464Z","instId":1001,"pos":23,"realPnL":24.839854425686923,"unrealPnL":1.7154335633784967}}
{"cat":"ORDER","data":{"ts":"2026-01-11T17:56:28.0832490Z","type":"OrderSubmit","orderId":0,"instId":1001,"side":"Buy","px":99.85250870410937,"qty":10}}
{"cat":"ORDER","data":{"ts":"2026-01-11T17:56:28.0833190Z","type":"OrderSubmit","orderId":0,"instId":1001,"side":"Sell","px":99.95250870410936,"qty":10}}
{"cat":"PNL","data":{"ts":"2026-01-11T17:56:28.0864073Z","instId":1001,"pos":33,"realPnL":24.839854425686923,"unrealPnL":1.7154335633784967}}
{"cat":"PNL","data":{"ts":"2026-01-11T17:56:28.0864644Z","instId":1001,"pos":33,"realPnL":24.839854425686923,"unrealPnL":2.2154335633785536}}
{"cat":"FILL","data":{"ts":"2026-01-11T17:56:28.0865118Z","fillId":57,"orderId":0,"instId":1001,"side":"Buy","px":99.85250870410937,"qty":10}}
{"cat":"SYSTEM","data":{"ts":"2026-01-11T17:56:28.0948731Z","level":"INFO","comp":"EXECUTION","msg":"Partial fill for Order 0: 3/10"}}
{"cat":"PNL","data":{"ts":"2026-01-11T17:56:28.0950332Z","instId":1001,"pos":30,"realPnL":25.191257476903147,"unrealPnL":2.2154335633785536}}
{"cat":"PNL","data":{"ts":"2026-01-11T17:56:28.0950813Z","instId":1001,"pos":30,"realPnL":25.191257476903147,"unrealPnL":2.0140305121623214}}
{"cat":"FILL","data":{"ts":"2026-01-11T17:56:28.0952059Z","fillId":58,"orderId":0,"instId":1001,"side":"Sell","px":99.95250870410936,"qty":3}}
{"cat":"PNL","data":{"ts":"2026-01-11T17:56:28.1691762Z","instId":1001,"pos":30,"realPnL":25.191257476903147,"unrealPnL":1.2498022318712287}}
{"cat":"ORDER","data":{"ts":"2026-01-11T17:56:28.1840841Z","type":"OrderSubmit","orderId":0,"instId":1001,"side":"Buy","px":99.82703442809967,"qty":10}}
{"cat":"ORDER","data":{"ts":"2026-01-11T17:56:28.1841339Z","type":"OrderSubmit","orderId":0,"instId":1001,"side":"Sell","px":99.92703442809966,"qty":10}}
{"cat":"PNL","data":{"ts":"2026-01-11T17:56:28.2103851Z","instId":1001,"pos":40,"realPnL":25.191257476903147,"unrealPnL":1.2498022318712287}}
{"cat":"PNL","data":{"ts":"2026-01-11T17:56:28.2104709Z","instId":1001,"pos":40,"realPnL":25.191257476903147,"unrealPnL":1.7498022318710582}}
{"cat":"FILL","data":{"ts":"2026-01-11T17:56:28.2105150Z","fillId":59,"orderId":0,"instId":1001,"side":"Buy","px":99.82703442809967,"qty":10}}
{"cat":"PNL","data":{"ts":"2026-01-11T17:56:28.2254623Z","instId":1001,"pos":30,"realPnL":26.128708034870883,"unrealPnL":1.7498022318710582}}
{"cat":"PNL","data":{"ts":"2026-01-11T17:56:28.2255426Z","instId":1001,"pos":30,"realPnL":26.128708034870883,"unrealPnL":1.3123516739032937}}
{"cat":"FILL","data":{"ts":"2026-01-11T17:56:28.2255792Z","fillId":60,"orderId":0,"instId":1001,"side":"Sell","px":99.92703442809966,"qty":10}}
{"cat":"PNL","data":{"ts":"2026-01-11T17:56:28.2692938Z","instId":1001,"pos":30,"realPnL":26.128708034870883,"unrealPnL":1.8713868908545805}}
{"cat":"ORDER","data":{"ts":"2026-01-11T17:56:28.2835849Z","type":"OrderSubmit","orderId":0,"instId":1001,"side":"Buy","px":99.84566893533137,"qty":10}}
{"cat":"ORDER","data":{"ts":"2026-01-11T17:56:28.2836308Z","type":"OrderSubmit","orderId":0,"instId":1001,"side":"Sell","px":99.94566893533137,"qty":10}}
{"cat":"PNL","data":{"ts":"2026-01-11T17:56:28.2944053Z","instId":1001,"pos":40,"realPnL":26.128708034870883,"unrealPnL":1.8713868908545805}}
{"cat":"PNL","data":{"ts":"2026-01-11T17:56:28.2944847Z","instId":1001,"pos":40,"realPnL":26.128708034870883,"unrealPnL":2.37138689085441}}
{"cat":"FILL","data":{"ts":"2026-01-11T17:56:28.2945370Z","fillId":61,"orderId":0,"instId":1001,"side":"Buy","px":99.84566893533137,"qty":10}}
{"cat":"PNL","data":{"ts":"2026-01-11T17:56:28.3027556Z","instId":1001,"pos":30,"realPnL":27.221554757584457,"unrealPnL":2.37138689085441}}
{"cat":"PNL","data":{"ts":"2026-01-11T17:56:28.3028379Z","instId":1001,"pos":30,"realPnL":27.221554757584457,"unrealPnL":1.7785401681408075}}
{"cat":"FILL","data":{"ts":"2026-01-11T17:56:28.3028877Z","fillId":62,"orderId":0,"instId":1001,"side":"Sell","px":99.94566893533137,"qty":10}}
{"cat":"PNL","data":{"ts":"2026-01-11T17:56:28.3767735Z","instId":1001,"pos":30,"realPnL":27.221554757584457,"unrealPnL":0.9101787493681002}}
{"cat":"ORDER","data":{"ts":"2026-01-11T17:56:28.3858364Z","type":"OrderSubmit","orderId":0,"instId":1001,"side":"Buy","px":99.81672355470562,"qty":10}}
{"cat":"ORDER","data":{"ts":"2026-01-11T17:56:28.3859028Z","type":"OrderSubmit","orderId":0,"instId":1001,"side":"Sell","px":99.91672355470561,"qty":10}}
{"cat":"PNL","data":{"ts":"2026-01-11T17:56:28.4005885Z","instId":1001,"pos":40,"realPnL":27.221554757584457,"unrealPnL":0.9101787493681002}}
{"cat":"PNL","data":{"ts":"2026-01-11T17:56:28.4006935Z","instId":1001,"pos":40,"realPnL":27.221554757584457,"unrealPnL":1.410178749368356}}
{"cat":"FILL","data":{"ts":"2026-01-11T17:56:28.4007369Z","fillId":63,"orderId":0,"instId":1001,"side":"Buy","px":99.81672355470562,"qty":10}}
{"cat":"PNL","data":{"ts":"2026-01-11T17:56:28.4162649Z","instId":1001,"pos":30,"realPnL":28.074099444926517,"unrealPnL":1.410178749368356}}
{"cat":"PNL","data":{"ts":"2026-01-11T17:56:28.4163609Z","instId":1001,"pos":30,"realPnL":28.074099444926517,"unrealPnL":1.057634062026267}}
{"cat":"FILL","data":{"ts":"2026-01-11T17:56:28.4164114Z","fillId":64,"orderId":0,"instId":1001,"side":"Sell","px":99.91672355470561,"qty":10}}
{"cat":"PNL","data":{"ts":"2026-01-11T17:56:28.4786823Z","instId":1001,"pos":30,"realPnL":28.074099444926517,"unrealPnL":1.1102468219222317}}
{"cat":"ORDER","data":{"ts":"2026-01-11T17:56:28.4856812Z","type":"OrderSubmit","orderId":0,"instId":1001,"side":"Buy","px":99.81847731336882,"qty":10}}
{"cat":"ORDER","data":{"ts":"2026-01-11T17:56:28.4857434Z","type":"OrderSubmit","orderId":0,"instId":1001,"side":"Sell","px":99.91847731336881,"qty":10}}
{"cat":"PNL","data":{"ts":"2026-01-11T17:56:28.5012601Z","instId":1001,"pos":40,"realPnL":28.074099444926517,"unrealPnL":1.1102468219222317}}
{"cat":"PNL","data":{"ts":"2026-01-11T17:56:28.5013540Z","instId":1001,"pos":40,"realPnL":28.074099444926517,"unrealPnL":1.6102468219224875}}
{"cat":"FILL","data":{"ts":"2026-01-11T17:56:28.5013903Z","fillId":65,"orderId":0,"instId":1001,"side":"Buy","px":99.81847731336882,"qty":10}}
{"cat":"PNL","data":{"ts":"2026-01-11T17:56:28.5164119Z","instId":1001,"pos":30,"realPnL":28.97666115040711,"unrealPnL":1.6102468219224875}}
{"cat":"PNL","data":{"ts":"2026-01-11T17:56:28.5165072Z","instId":1001,"pos":30,"realPnL":28.97666115040711,"unrealPnL":1.2076851164418656}}
{"cat":"FILL","data":{"ts":"2026-01-11T17:56:28.5165594Z","fillId":66,"orderId":0,"instId":1001,"side":"Sell","px":99.91847731336881,"qty":10}}
{"cat":"PNL","data":{"ts":"2026-01-11T17:56:28.5844728Z","instId":1001,"pos":30,"realPnL":28.97666115040711,"unrealPnL":1.1638580118062691}}
{"cat":"ORDER","data":{"ts":"2026-01-11T17:56:28.5940949Z","type":"OrderSubmit","orderId":0,"instId":1001,"side":"Buy","px":99.81701640988096,"qty":10}}
{"cat":"ORDER","data":{"ts":"2026-01-11T17:56:28.5943919Z","type":"OrderSubmit","orderId":0,"instId":1001,"side":"Sell","px":99.91701640988096,"qty":10}}
{"cat":"PNL","data":{"ts":"2026-01-11T17:56:28.6061820Z","instId":1001,"pos":40,"realPnL":28.97666115040711,"unrealPnL":1.1638580118062691}}
{"cat":"PNL","data":{"ts":"2026-01-11T17:56:28.6062577Z","instId":1001,"pos":40,"realPnL":28.97666115040711,"unrealPnL":1.6638580118058144}}
{"cat":"FILL","data":{"ts":"2026-01-11T17:56:28.6062956Z","fillId":67,"orderId":0,"instId":1001,"side":"Buy","px":99.81701640988096,"qty":10}}
{"cat":"SYSTEM","data":{"ts":"2026-01-11T17:56:28.6132699Z","level":"INFO","comp":"EXECUTION","msg":"Partial fill for Order 0: 9/10"}}
{"cat":"PNL","data":{"ts":"2026-01-11T17:56:28.6133402Z","instId":1001,"pos":31,"realPnL":29.801029203063393,"unrealPnL":1.6638580118058144}}
{"cat":"PNL","data":{"ts":"2026-01-11T17:56:28.6133586Z","instId":1001,"pos":31,"realPnL":29.801029203063393,"unrealPnL":1.2894899591495061}}
{"cat":"FILL","data":{"ts":"2026-01-11T17:56:28.6134027Z","fillId":68,"orderId":0,"instId":1001,"side":"Sell","px":99.91701640988096,"qty":9}}
{"cat":"PNL","data":{"ts":"2026-01-11T17:56:28.6857158Z","instId":1001,"pos":31,"realPnL":29.801029203063393,"unrealPnL":0.52318686317534}}
{"cat":"ORDER","data":{"ts":"2026-01-11T17:56:28.6875335Z","type":"OrderSubmit","orderId":0,"instId":1001,"side":"Buy","px":99.79229695517212,"qty":10}}
{"cat":"ORDER","data":{"ts":"2026-01-11T17:56:28.6875852Z","type":"OrderSubmit","orderId":0,"instId":1001,"side":"Sell","px":99.89229695517211,"qty":10}}
{"cat":"PNL","data":{"ts":"2026-01-11T17:56:28.6940329Z","instId":1001,"pos":41,"realPnL":29.801029203063393,"unrealPnL":0.52318686317534}}
{"cat":"PNL","data":{"ts":"2026-01-11T17:56:28.6940722Z","instId":1001,"pos":41,"realPnL":29.801029203063393,"unrealPnL":1.0231868631755532}}
{"cat":"FILL","data":{"ts":"2026-01-11T17:56:28.6940910Z","fillId":69,"orderId":0,"instId":1001,"side":"Buy","px":99.79229695517212,"qty":10}}
{"cat":"PNL","data":{"ts":"2026-01-11T17:56:28.7105259Z","instId":1001,"pos":31,"realPnL":30.550586974569597,"unrealPnL":1.0231868631755532}}
{"cat":"PNL","data":{"ts":"2026-01-11T17:56:28.7105981Z","instId":1001,"pos":31,"realPnL":30.550586974569597,"unrealPnL":0.7736290916693207}}
{"cat":"FILL","data":{"ts":"2026-01-11T17:56:28.7106469Z","fillId":70,"orderId":0,"instId":1001,"side":"Sell","px":99.89229695517211,"qty":10}}
{"cat":"PNL","data":{"ts":"2026-01-11T17:56:28.7858339Z","instId":1001,"pos":31,"realPnL":30.550586974569597,"unrealPnL":1.613043524029976}}
{"cat":"ORDER","data":{"ts":"2026-01-11T17:56:28.8005278Z","type":"OrderSubmit","orderId":0,"instId":1001,"side":"Buy","px":99.81937484008698,"qty":10}}
{"cat":"ORDER","data":{"ts":"2026-01-11T17:56:28.8005901Z","type":"OrderSubmit","orderId":0,"instId":1001,"side":"Sell","px":99.91937484008697,"qty":10}}
{"cat":"PNL","data":{"ts":"2026-01-11T17:56:28.8142381Z","instId":1001,"pos":41,"realPnL":30.550586974569597,"unrealPnL":1.613043524029976}}
{"cat":"PNL","data":{"ts":"2026-01-11T17:56:28.8143225Z","instId":1001,"pos":41,"realPnL":30.550586974569597,"unrealPnL":2.1130435240298198}}
{"cat":"FILL","data":{"ts":"2026-01-11T17:56:28.8143592Z","fillId":71,"orderId":0,"instId":1001,"side":"Buy","px":99.81937484008698,"qty":10}}
{"cat":"PNL","data":{"ts":"2026-01-11T17:56:28.8284324Z","instId":1001,"pos":31,"realPnL":31.565963443845135,"unrealPnL":2.1130435240298198}}
{"cat":"PNL","data":{"ts":"2026-01-11T17:56:28.8285082Z","instId":1001,"pos":31,"realPnL":31.565963443845135,"unrealPnL":1.597667054754254}}
{"cat":"FILL","data":{"ts":"2026-01-11T17:56:28.8285604Z","fillId":72,"orderId":0,"instId":1001,"side":"Sell","px":99.91937484008697,"qty":10}}
{"cat":"PNL","data":{"ts":"2026-01-11T17:56:28.8858271Z","instId":1001,"pos":31,"realPnL":31.565963443845135,"unrealPnL":0.055661766622606024}}
{"cat":"ORDER","data":{"ts":"2026-01-11T17:56:28.8940669Z","type":"OrderSubmit","orderId":0,"instId":1001,"side":"Buy","px":99.76963273401822,"qty":10}}
{"cat":"ORDER","data":{"ts":"2026-01-11T17:56:28.8940947Z","type":"OrderSubmit","orderId":0,"instId":1001,"side":"Sell","px":99.86963273401821,"qty":10}}
{"cat":"PNL","data":{"ts":"2026-01-11T17:56:28.9098141Z","instId":1001,"pos":41,"realPnL":31.565963443845135,"unrealPnL":0.055661766622606024}}
{"cat":"PNL","data":{"ts":"2026-01-11T17:56:28.9098594Z","instId":1001,"pos":41,"realPnL":31.565963443845135,"unrealPnL":0.5556617666228618}}
{"cat":"FILL","data":{"ts":"2026-01-11T17:56:28.9098773Z","fillId":73,"orderId":0,"instId":1001,"side":"Buy","px":99.76963273401822,"qty":10}}
{"cat":"PNL","data":{"ts":"2026-01-11T17:56:28.9188140Z","instId":1001,"pos":31,"realPnL":32.201490703997024,"unrealPnL":0.5556617666228618}}
{"cat":"PNL","data":{"ts":"2026-01-11T17:56:28.9188646Z","instId":1001,"pos":31,"realPnL":32.201490703997024,"unrealPnL":0.4201345064709443}}
{"cat":"FILL","data":{"ts":"2026-01-11T17:56:28.9188955Z","fillId":74,"orderId":0,"instId":1001,"side":"Sell","px":99.86963273401821,"qty":10}}
{"cat":"PNL","data":{"ts":"2026-01-11T17:56:28.9866482Z","instId":1001,"pos":31,"realPnL":32.201490703997024,"unrealPnL":0.3702620607367493}}
{"cat":"ORDER","data":{"ts":"2026-01-11T17:56:28.9939663Z","type":"OrderSubmit","orderId":0,"instId":1001,"side":"Buy","px":99.76802394544615,"qty":10}}
{"cat":"ORDER","data":{"ts":"2026-01-11T17:56:28.9939951Z","type":"OrderSubmit","orderId":0,"instId":1001,"side":"Sell","px":99.86802394544614,"qty":10}}
{"cat":"PNL","data":{"ts":"2026-01-11T17:56:29.0056139Z","instId":1001,"pos":41,"realPnL":32.201490703997024,"unrealPnL":0.3702620607367493}}
{"cat":"PNL","data":{"ts":"2026-01-11T17:56:29.0056494Z","instId":1001,"pos":41,"realPnL":32.201490703997024,"unrealPnL":0.8702620607368061}}
{"cat":"FILL","data":{"ts":"2026-01-11T17:56:29.0056659Z","fillId":75,"orderId":0,"instId":1001,"side":"Buy","px":99.76802394544615,"qty":10}}
{"cat":"PNL","data":{"ts":"2026-01-11T17:56:29.0102512Z","instId":1001,"pos":31,"realPnL":32.913749743201095,"unrealPnL":0.8702620607368061}}
{"cat":"PNL","data":{"ts":"2026-01-11T17:56:29.0102892Z","instId":1001,"pos":31,"realPnL":32.913749743201095,"unrealPnL":0.6580030215327071}}
{"cat":"FILL","data":{"ts":"2026-01-11T17:56:29.0103097Z","fillId":76,"orderId":0,"instId":1001,"side":"Sell","px":99.86802394544614,"qty":10}}
{"cat":"PNL","data":{"ts":"2026-01-11T17:56:29.1004426Z","instId":1001,"pos":31,"realPnL":32.913749743201095,"unrealPnL":0.49667252193414413}}
{"cat":"ORDER","data":{"ts":"2026-01-11T17:56:29.1156428Z","type":"OrderSubmit","orderId":0,"instId":1001,"side":"Buy","px":99.76281973578168,"qty":10}}
{"cat":"ORDER","data":{"ts":"2026-01-11T17:56:29.1157162Z","type":"OrderSubmit","orderId":0,"instId":1001,"side":"Sell","px":99.86281973578167,"qty":10}}
{"cat":"PNL","data":{"ts":"2026-01-11T17:56:29.1362119Z","instId":1001,"pos":41,"realPnL":32.913749743201095,"unrealPnL":0.49667252193414413}}
{"cat":"PNL","data":{"ts":"2026-01-11T17:56:29.1362961Z","instId":1001,"pos":41,"realPnL":32.913749743201095,"unrealPnL":0.9966725219343999}}
{"cat":"FILL","data":{"ts":"2026-01-11T17:56:29.1363333Z","fillId":77,"orderId":0,"instId":1001,"side":"Buy","px":99.76281973578168,"qty":10}}
{"cat":"PNL","data":{"ts":"2026-01-11T17:56:29.1457581Z","instId":1001,"pos":31,"realPnL":33.656840602209456,"unrealPnL":0.9966725219343999}}
{"cat":"PNL","data":{"ts":"2026-01-11T17:56:29.1458437Z","instId":1001,"pos":31,"realPnL":33.656840602209456,"unrealPnL":0.7535816629260097}}
{"cat":"FILL","data":{"ts":"2026-01-11T17:56:29.1458812Z","fillId":78,"orderId":0,"instId":1001,"side":"Sell","px":99.86281973578167,"qty":10}}
{"cat":"PNL","data":{"ts":"2026-01-11T17:56:29.2104686Z","instId":1001,"pos":31,"realPnL":33.656840602209456,"unrealPnL":0.7116089853339957}}
{"cat":"ORDER","data":{"ts":"2026-01-11T17:56:29.2261267Z","type":"OrderSubmit","orderId":0,"instId":1001,"side":"Buy","px":99.76146577844,"qty":10}}
{"cat":"ORDER","data":{"ts":"2026-01-11T17:56:29.2261834Z","type":"OrderSubmit","orderId":0,"instId":1001,"side":"Sell","px":99.86146577843999,"qty":10}}
{"cat":"PNL","data":{"ts":"2026-01-11T17:56:29.2319254Z","instId":1001,"pos":41,"realPnL":33.656840602209456,"unrealPnL":0.7116089853339957}}
{"cat":"PNL","data":{"ts":"2026-01-11T17:56:29.2319668Z","instId":1001,"pos":41,"realPnL":33.656840602209456,"unrealPnL":1.2116089853335694}}
{"cat":"FILL","data":{"ts":"2026-01-11T17:56:29.2319839Z","fillId":79,"orderId":0,"instId":1001,"side":"Buy","px":99.76146577844,"qty":10}}
{"cat":"PNL","data":{"ts":"2026-01-11T17:56:29.2359420Z","instId":1001,"pos":31,"realPnL":34.45235498887615,"unrealPnL":1.2116089853335694}}
{"cat":"PNL","data":{"ts":"2026-01-11T17:56:29.2359813Z","instId":1001,"pos":31,"realPnL":34.45235498887615,"unrealPnL":0.9160945986668452}}
{"cat":"FILL","data":{"ts":"2026-01-11T17:56:29.2359976Z","fillId":80,"orderId":0,"instId":1001,"side":"Sell","px":99.86146577843999,"qty":10}}
{"cat":"PNL","data":{"ts":"2026-01-11T17:56:29.3265285Z","instId":1001,"pos":31,"realPnL":34.45235498887615,"unrealPnL":1.571984509687681}}
{"cat":"ORDER","data":{"ts":"2026-01-11T17:56:29.3282193Z","type":"OrderSubmit","orderId":0,"instId":1001,"side":"Buy","px":99.78262351750519,"qty":10}}
{"cat":"ORDER","data":{"ts":"2026-01-11T17:56:29.3282879Z","type":"OrderSubmit","orderId":0,"instId":1001,"side":"Sell","px":99.88262351750518,"qty":10}}
{"cat":"PNL","data":{"ts":"2026-01-11T17:56:29.3519737Z","instId":1001,"pos":41,"realPnL":34.45235498887615,"unrealPnL":1.571984509687681}}
{"cat":"PNL","data":{"ts":"2026-01-11T17:56:29.3520239Z","instId":1001,"pos":41,"realPnL":34.45235498887615,"unrealPnL":2.0719845096879226}}
{"cat":"FILL","data":{"ts":"2026-01-11T17:56:29.3520500Z","fillId":81,"orderId":0,"instId":1001,"side":"Buy","px":99.78262351750519,"qty":10}}
{"cat":"PNL","data":{"ts":"2026-01-11T17:56:29.3679822Z","instId":1001,"pos":31,"realPnL":35.45771706440976,"unrealPnL":2.0719845096879226}}
{"cat":"PNL","data":{"ts":"2026-01-11T17:56:29.3680210Z","instId":1001,"pos":31,"realPnL":35.45771706440976,"unrealPnL":1.566622434154283}}
{"cat":"FILL","data":{"ts":"2026-01-11T17:56:29.3680849Z","fillId":82,"orderId":0,"instId":1001,"side":"Sell","px":99.88262351750518,"qty":10}}
{"cat":"PNL","data":{"ts":"2026-01-11T17:56:29.4412537Z","instId":1001,"pos":31,"realPnL":35.45771706440976,"unrealPnL":1.4154903842765378}}
{"cat":"ORDER","data":{"ts":"2026-01-11T17:56:29.4435061Z","type":"OrderSubmit","orderId":0,"instId":1001,"side":"Buy","px":99.77774829008978,"qty":10}}
{"cat":"ORDER","data":{"ts":"2026-01-11T17:56:29.4435268Z","type":"OrderSubmit","orderId":0,"instId":1001,"side":"Sell","px":99.87774829008977,"qty":10}}
{"cat":"PNL","data":{"ts":"2026-01-11T17:56:29.4587105Z","instId":1001,"pos":41,"realPnL":35.45771706440976,"unrealPnL":1.4154903842765378}}
{"cat":"PNL","data":{"ts":"2026-01-11T17:56:29.4587505Z","instId":1001,"pos":41,"realPnL":35.45771706440976,"unrealPnL":1.915490384276282}}
{"cat":"FILL","data":{"ts":"2026-01-11T17:56:29.4587672Z","fillId":83,"orderId":0,"instId":1001,"side":"Buy","px":99.77774829008978,"qty":10}}
{"cat":"PNL","data":{"ts":"2026-01-11T17:56:29.4746601Z","instId":1001,"pos":31,"realPnL":36.42490984106249,"unrealPnL":1.915490384276282}}
{"cat":"PNL","data":{"ts":"2026-01-11T17:56:29.4747031Z","instId":1001,"pos":31,"realPnL":36.42490984106249,"unrealPnL":1.4482976076235303}}
{"cat":"FILL","data":{"ts":"2026-01-11T17:56:29.4747217Z","fillId":84,"orderId":0,"instId":1001,"side":"Sell","px":99.87774829008977,"qty":10}}
{"cat":"PNL","data":{"ts":"2026-01-11T17:56:29.5462239Z","instId":1001,"pos":31,"realPnL":36.42490984106249,"unrealPnL":0.7351499141407771}}
{"cat":"ORDER","data":{"ts":"2026-01-11T17:56:29.5520620Z","type":"OrderSubmit","orderId":0,"instId":1001,"side":"Buy","px":99.75474352578388,"qty":10}}
{"cat":"ORDER","data":{"ts":"2026-01-11T17:56:29.5521110Z","type":"OrderSubmit","orderId":0,"instId":1001,"side":"Sell","px":99.85474352578387,"qty":10}}
{"cat":"PNL","data":{"ts":"2026-01-11T17:56:29.5632833Z","instId":1001,"pos":41,"realPnL":36.42490984106249,"unrealPnL":0.7351499141407771}}
{"cat":"PNL","data":{"ts":"2026-01-11T17:56:29.5633460Z","instId":1001,"pos":41,"realPnL":36.42490984106249,"unrealPnL":1.2351499141402797}}
{"cat":"FILL","data":{"ts":"2026-01-11T17:56:29.5633878Z","fillId":85,"orderId":0,"instId":1001,"side":"Buy","px":99.75474352578388,"qty":10}}
{"cat":"PNL","data":{"ts":"2026-01-11T17:56:29.5770432Z","instId":1001,"pos":31,"realPnL":37.22616591768204,"unrealPnL":1.2351499141402797}}
{"cat":"PNL","data":{"ts":"2026-01-11T17:56:29.5771168Z","instId":1001,"pos":31,"realPnL":37.22616591768204,"unrealPnL":0.9338938375206993}}
{"cat":"FILL","data":{"ts":"2026-01-11T17:56:29.5771528Z","fillId":86,"orderId":0,"instId":1001,"side":"Sell","px":99.85474352578387,"qty":10}}
{"cat":"PNL","data":{"ts":"2026-01-11T17:56:29.6615726Z","instId":1001,"pos":31,"realPnL":37.22616591768204,"unrealPnL":0.26131943055467843}}
{"cat":"ORDER","data":{"ts":"2026-01-11T17:56:29.6773301Z","type":"OrderSubmit","orderId":0,"instId":1001,"side":"Buy","px":99.73304757717207,"qty":10}}
{"cat":"ORDER","data":{"ts":"2026-01-11T17:56:29.6773782Z","type":"OrderSubmit","orderId":0,"instId":1001,"side":"Sell","px":99.83304757717207,"qty":10}}
{"cat":"PNL","data":{"ts":"2026-01-11T17:56:29.6860040Z","instId":1001,"pos":41,"realPnL":37.22616591768204,"unrealPnL":0.26131943055467843}}
{"cat":"PNL","data":{"ts":"2026-01-11T17:56:29.6860517Z","instId":1001,"pos":41,"realPnL":37.22616591768204,"unrealPnL":0.7613194305544653}}
{"cat":"FILL","data":{"ts":"2026-01-11T17:56:29.6860730Z","fillId":87,"orderId":0,"instId":1001,"side":"Buy","px":99.73304757717207,"qty":10}}
{"cat":"SYSTEM","data":{"ts":"2026-01-11T17:56:29.7020500Z","level":"INFO","comp":"EXECUTION","msg":"Partial fill for Order 0: 8/10"}}
{"cat":"PNL","data":{"ts":"2026-01-11T17:56:29.7021652Z","instId":1001,"pos":33,"realPnL":37.77471605047313,"unrealPnL":0.7613194305544653}}
{"cat":"PNL","data":{"ts":"2026-01-11T17:56:29.7021857Z","instId":1001,"pos":33,"realPnL":37.77471605047313,"unrealPnL":0.6127692977633501}}
{"cat":"FILL","data":{"ts":"2026-01-11T17:56:29.7022283Z","fillId":88,"orderId":0,"instId":1001,"side":"Sell","px":99.83304757717207,"qty":8}}
{"cat":"PNL","data":{"ts":"2026-01-11T17:56:29.7691311Z","instId":1001,"pos":33,"realPnL":37.77471605047313,"unrealPnL":1.0590658756621991}}
{"cat":"ORDER","data":{"ts":"2026-01-11T17:56:29.7847429Z","type":"OrderSubmit","orderId":0,"instId":1001,"side":"Buy","px":99.74657171589628,"qty":10}}
{"cat":"ORDER","data":{"ts":"2026-01-11T17:56:29.7848210Z","type":"OrderSubmit","orderId":0,"instId":1001,"side":"Sell","px":99.84657171589627,"qty":10}}
{"cat":"SYSTEM","data":{"ts":"2026-01-11T17:56:29.8009811Z","level":"INFO","comp":"EXECUTION","msg":"Partial fill for Order 0: 2/10"}}
{"cat":"PNL","data":{"ts":"2026-01-11T17:56:29.8010711Z","instId":1001,"pos":35,"realPnL":37.77471605047313,"unrealPnL":1.0590658756621991}}
{"cat":"PNL","data":{"ts":"2026-01-11T17:56:29.8011002Z","instId":1001,"pos":35,"realPnL":37.77471605047313,"unrealPnL":1.1590658756620797}}
{"cat":"FILL","data":{"ts":"2026-01-11T17:56:29.8011529Z","fillId":89,"orderId":0,"instId":1001,"side":"Buy","px":99.74657171589628,"qty":2}}
{"cat":"PNL","data":{"ts":"2026-01-11T17:56:29.8054526Z","instId":1001,"pos":25,"realPnL":38.6058777292337,"unrealPnL":1.1590658756620797}}
{"cat":"PNL","data":{"ts":"2026-01-11T17:56:29.8055201Z","instId":1001,"pos":25,"realPnL":38.6058777292337,"unrealPnL":0.8279041969014855}}
{"cat":"FILL","data":{"ts":"2026-01-11T17:56:29.8055686Z","fillId":90,"orderId":0,"instId":1001,"side":"Sell","px":99.84657171589627,"qty":10}}
{"cat":"PNL","data":{"ts":"2026-01-11T17:56:29.8837009Z","instId":1001,"pos":25,"realPnL":38.6058777292337,"unrealPnL":0.31485081216935384}}
{"cat":"ORDER","data":{"ts":"2026-01-11T17:56:29.8863036Z","type":"OrderSubmit","orderId":0,"instId":1001,"side":"Buy","px":99.726049580507,"qty":10}}
{"cat":"ORDER","data":{"ts":"2026-01-11T17:56:29.8863246Z","type":"OrderSubmit","orderId":0,"instId":1001,"side":"Sell","px":99.82604958050699,"qty":10}}
{"cat":"PNL","data":{"ts":"2026-01-11T17:56:29.9177853Z","instId":1001,"pos":35,"realPnL":38.6058777292337,"unrealPnL":0.31485081216935384}}
{"cat":"PNL","data":{"ts":"2026-01-11T17:56:29.9178233Z","instId":1001,"pos":35,"realPnL":38.6058777292337,"unrealPnL":0.8148508121699649}}
{"cat":"FILL","data":{"ts":"2026-01-11T17:56:29.9178408Z","fillId":91,"orderId":0,"instId":1001,"side":"Buy","px":99.726049580507,"qty":10}}
{"cat":"PNL","data":{"ts":"2026-01-11T17:56:29.9278908Z","instId":1001,"pos":25,"realPnL":39.338692246996516,"unrealPnL":0.8148508121699649}}
{"cat":"PNL","data":{"ts":"2026-01-11T17:56:29.9279195Z","instId":1001,"pos":25,"realPnL":39.338692246996516,"unrealPnL":0.5820362944071178}}
{"cat":"FILL","data":{"ts":"2026-01-11T17:56:29.9279333Z","fillId":92,"orderId":0,"instId":1001,"side":"Sell","px":99.82604958050699,"qty":10}}
{"cat":"PNL","data":{"ts":"2026-01-11T17:56:29.9866328Z","instId":1001,"pos":25,"realPnL":39.338692246996516,"unrealPnL":0.25587028507416676}}
{"cat":"ORDER","data":{"ts":"2026-01-11T17:56:29.9934905Z","type":"OrderSubmit","orderId":0,"instId":1001,"side":"Buy","px":99.71300294013368,"qty":10}}
{"cat":"ORDER","data":{"ts":"2026-01-11T17:56:29.9935203Z","type":"OrderSubmit","orderId":0,"instId":1001,"side":"Sell","px":99.81300294013367,"qty":10}}
{"cat":"PNL","data":{"ts":"2026-01-11T17:56:30.0087049Z","instId":1001,"pos":35,"realPnL":39.338692246996516,"unrealPnL":0.25587028507416676}}
{"cat":"PNL","data":{"ts":"2026-01-11T17:56:30.0087807Z","instId":1001,"pos":35,"realPnL":39.338692246996516,"unrealPnL":0.7558702850741383}}
{"cat":"FILL","data":{"ts":"2026-01-11T17:56:30.0088329Z","fillId":93,"orderId":0,"instId":1001,"side":"Buy","px":99.71300294013368,"qty":10}}
{"cat":"PNL","data":{"ts":"2026-01-11T17:56:30.0118651Z","instId":1001,"pos":25,"realPnL":40.0546551855891,"unrealPnL":0.7558702850741383}}
{"cat":"PNL","data":{"ts":"2026-01-11T17:56:30.0119141Z","instId":1001,"pos":25,"realPnL":40.0546551855891,"unrealPnL":0.5399073464815274}}
{"cat":"FILL","data":{"ts":"2026-01-11T17:56:30.0119410Z","fillId":94,"orderId":0,"instId":1001,"side":"Sell","px":99.81300294013367,"qty":10}}
{"cat":"PNL","data":{"ts":"2026-01-11T17:56:30.0941357Z","instId":1001,"pos":25,"realPnL":40.0546551855891,"unrealPnL":1.4216090378518231}}
{"cat":"ORDER","data":{"ts":"2026-01-11T17:56:30.1102910Z","type":"OrderSubmit","orderId":0,"instId":1001,"side":"Buy","px":99.74827100778849,"qty":10}}
{"cat":"ORDER","data":{"ts":"2026-01-11T17:56:30.1103427Z","type":"OrderSubmit","orderId":0,"instId":1001,"side":"Sell","px":99.84827100778848,"qty":10}}
{"cat":"PNL","data":{"ts":"2026-01-11T17:56:30.1242556Z","instId":1001,"pos":35,"realPnL":40.0546551855891,"unrealPnL":1.4216090378518231}}
{"cat":"PNL","data":{"ts":"2026-01-11T17:56:30.1243102Z","instId":1001,"pos":35,"realPnL":40.0546551855891,"unrealPnL":1.9216090378518658}}
{"cat":"FILL","data":{"ts":"2026-01-11T17:56:30.1243494Z","fillId":95,"orderId":0,"instId":1001,"side":"Buy","px":99.74827100778849,"qty":10}}
{"cat":"PNL","data":{"ts":"2026-01-11T17:56:30.1364769Z","instId":1001,"pos":25,"realPnL":41.10368633926103,"unrealPnL":1.9216090378518658}}
{"cat":"PNL","data":{"ts":"2026-01-11T17:56:30.1365425Z","instId":1001,"pos":25,"realPnL":41.10368633926103,"unrealPnL":1.3725778841799041}}
{"cat":"FILL","data":{"ts":"2026-01-11T17:56:30.1365932Z","fillId":96,"orderId":0,"instId":1001,"side":"Sell","px":99.84827100778848,"qty":10}}
{"cat":"PNL","data":{"ts":"2026-01-11T17:56:30.2023660Z","instId":1001,"pos":25,"realPnL":41.10368633926103,"unrealPnL":0.5617417941436997}}
{"cat":"ORDER","data":{"ts":"2026-01-11T17:56:30.2159304Z","type":"OrderSubmit","orderId":0,"instId":1001,"side":"Buy","px":99.71583756418704,"qty":10}}
{"cat":"ORDER","data":{"ts":"2026-01-11T17:56:30.2160007Z","type":"OrderSubmit","orderId":0,"instId":1001,"side":"Sell","px":99.81583756418704,"qty":10}}
{"cat":"PNL","data":{"ts":"2026-01-11T17:56:30.2331436Z","instId":1001,"pos":35,"realPnL":41.10368633926103,"unrealPnL":0.5617417941436997}}
{"cat":"PNL","data":{"ts":"2026-01-11T17:56:30.2332284Z","instId":1001,"pos":35,"realPnL":41.10368633926103,"unrealPnL":1.0617417941440266}}
{"cat":"FILL","data":{"ts":"2026-01-11T17:56:30.2332714Z","fillId":97,"orderId":0,"instId":1001,"side":"Buy","px":99.71583756418704,"qty":10}}
{"cat":"PNL","data":{"ts":"2026-01-11T17:56:30.2360275Z","instId":1001,"pos":25,"realPnL":41.90704113758787,"unrealPnL":1.0617417941440266}}
{"cat":"PNL","data":{"ts":"2026-01-11T17:56:30.2360945Z","instId":1001,"pos":25,"realPnL":41.90704113758787,"unrealPnL":0.7583869958171618}}
{"cat":"FILL","data":{"ts":"2026-01-11T17:56:30.2361455Z","fillId":98,"orderId":0,"instId":1001,"side":"Sell","px":99.81583756418704,"qty":10}}
{"cat":"PNL","data":{"ts":"2026-01-11T17:56:30.3105991Z","instId":1001,"pos":25,"realPnL":41.90704113758787,"unrealPnL":1.6388883905037233}}
{"cat":"ORDER","data":{"ts":"2026-01-11T17:56:30.3250319Z","type":"OrderSubmit","orderId":0,"instId":1001,"side":"Buy","px":99.7510576199745,"qty":10}}
{"cat":"ORDER","data":{"ts":"2026-01-11T17:56:30.3251421Z","type":"OrderSubmit","orderId":0,"instId":1001,"side":"Sell","px":99.8510576199745,"qty":10}}
{"cat":"PNL","data":{"ts":"2026-01-11T17:56:30.3334939Z","instId":1001,"pos":35,"realPnL":41.90704113758787,"unrealPnL":1.6388883905037233}}
{"cat":"PNL","data":{"ts":"2026-01-11T17:56:30.3336321Z","instId":1001,"pos":35,"realPnL":41.90704113758787,"unrealPnL":2.1388883905034817}}
{"cat":"FILL","data":{"ts":"2026-01-11T17:56:30.3336982Z","fillId":99,"orderId":0,"instId":1001,"side":"Buy","px":99.7510576199745,"qty":10}}
{"cat":"PNL","data":{"ts":"2026-01-11T17:56:30.3359962Z","instId":1001,"pos":25,"realPnL":43.01815210630312,"unrealPnL":2.1388883905034817}}
{"cat":"PNL","data":{"ts":"2026-01-11T17:56:30.3360261Z","instId":1001,"pos":25,"realPnL":43.01815210630312,"unrealPnL":1.5277774217882012}}
{"cat":"FILL","data":{"ts":"2026-01-11T17:56:30.3360470Z","fillId":100,"orderId":0,"instId":1001,"side":"Sell","px":99.8510576199745,"qty":10}}
{"cat":"PNL","data":{"ts":"2026-01-11T17:56:30.4256671Z","instId":1001,"pos":25,"realPnL":43.01815210630312,"unrealPnL":1.8886638608222484}}
{"cat":"ORDER","data":{"ts":"2026-01-11T17:56:30.4257083Z","type":"OrderSubmit","orderId":0,"instId":1001,"side":"Buy","px":99.76549307753587,"qty":10}}
{"cat":"ORDER","data":{"ts":"2026-01-11T17:56:30.4257330Z","type":"OrderSubmit","orderId":0,"instId":1001,"side":"Sell","px":99.86549307753586,"qty":10}}
{"cat":"PNL","data":{"ts":"2026-01-11T17:56:30.4573370Z","instId":1001,"pos":35,"realPnL":43.01815210630312,"unrealPnL":1.8886638608222484}}
{"cat":"PNL","data":{"ts":"2026-01-11T17:56:30.4574022Z","instId":1001,"pos":35,"realPnL":43.01815210630312,"unrealPnL":2.3886638608219357}}
{"cat":"FILL","data":{"ts":"2026-01-11T17:56:30.4574523Z","fillId":101,"orderId":0,"instId":1001,"side":"Buy","px":99.76549307753587,"qty":10}}
{"cat":"PNL","data":{"ts":"2026-01-11T17:56:30.4608149Z","instId":1001,"pos":25,"realPnL":44.20062749510936,"unrealPnL":2.3886638608219357}}
{"cat":"PNL","data":{"ts":"2026-01-11T17:56:30.4608905Z","instId":1001,"pos":25,"realPnL":44.20062749510936,"unrealPnL":1.7061884720156684}}
{"cat":"FILL","data":{"ts":"2026-01-11T17:56:30.4609253Z","fillId":102,"orderId":0,"instId":1001,"side":"Sell","px":99.86549307753586,"qty":10}}
{"cat":"PNL","data":{"ts":"2026-01-11T17:56:30.5366848Z","instId":1001,"pos":25,"realPnL":44.20062749510936,"unrealPnL":1.9957720083645825}}
{"cat":"ORDER","data":{"ts":"2026-01-11T17:56:30.5519331Z","type":"OrderSubmit","orderId":0,"instId":1001,"side":"Buy","px":99.77707641898982,"qty":10}}
{"cat":"ORDER","data":{"ts":"2026-01-11T17:56:30.5519633Z","type":"OrderSubmit","orderId":0,"instId":1001,"side":"Sell","px":99.87707641898982,"qty":10}}
{"cat":"PNL","data":{"ts":"2026-01-11T17:56:30.5761474Z","instId":1001,"pos":35,"realPnL":44.20062749510936,"unrealPnL":1.9957720083645825}}
{"cat":"PNL","data":{"ts":"2026-01-11T17:56:30.5761964Z","instId":1001,"pos":35,"realPnL":44.20062749510936,"unrealPnL":2.4957720083641988}}
{"cat":"FILL","data":{"ts":"2026-01-11T17:56:30.5762163Z","fillId":103,"orderId":0,"instId":1001,"side":"Buy","px":99.77707641898982,"qty":10}}
{"cat":"PNL","data":{"ts":"2026-01-11T17:56:30.5850169Z","instId":1001,"pos":25,"realPnL":45.413705211784816,"unrealPnL":2.4957720083641988}}
{"cat":"PNL","data":{"ts":"2026-01-11T17:56:30.5850452Z","instId":1001,"pos":25,"realPnL":45.413705211784816,"unrealPnL":1.7826942916887134}}
{"cat":"FILL","data":{"ts":"2026-01-11T17:56:30.5850905Z","fillId":104,"orderId":0,"instId":1001,"side":"Sell","px":99.87707641898982,"qty":10}}
{"cat":"PNL","data":{"ts":"2026-01-11T17:56:30.6509667Z","instId":1001,"pos":25,"realPnL":45.413705211784816,"unrealPnL":1.6364963803852106}}
{"cat":"ORDER","data":{"ts":"2026-01-11T17:56:30.6627269Z","type":"OrderSubmit","orderId":0,"instId":1001,"side":"Buy","px":99.77122850253768,"qty":10}}
{"cat":"ORDER","data":{"ts":"2026-01-11T17:56:30.6627910Z","type":"OrderSubmit","orderId":0,"instId":1001,"side":"Sell","px":99.87122850253768,"qty":10}}
{"cat":"PNL","data":{"ts":"2026-01-11T17:56:30.6780725Z","instId":1001,"pos":35,"realPnL":45.413705211784816,"unrealPnL":1.6364963803852106}}
{"cat":"PNL","data":{"ts":"2026-01-11T17:56:30.6781433Z","instId":1001,"pos":35,"realPnL":45.413705211784816,"unrealPnL":2.136496380385111}}
{"cat":"FILL","data":{"ts":"2026-01-11T17:56:30.6781851Z","fillId":105,"orderId":0,"instId":1001,"side":"Buy","px":99.77122850253768,"qty":10}}
{"cat":"PNL","data":{"ts":"2026-01-11T17:56:30.6864582Z","instId":1001,"pos":25,"realPnL":46.524132749037676,"unrealPnL":2.136496380385111}}
{"cat":"PNL","data":{"ts":"2026-01-11T17:56:30.6865551Z","instId":1001,"pos":25,"realPnL":46.524132749037676,"unrealPnL":1.5260688431322222}}
{"cat":"FILL","data":{"ts":"2026-01-11T17:56:30.6865822Z","fillId":106,"orderId":0,"instId":1001,"side":"Sell","px":99.87122850253768,"qty":10}}
{"cat":"PNL","data":{"ts":"2026-01-11T17:56:30.7527484Z","instId":1001,"pos":25,"realPnL":46.524132749037676,"unrealPnL":1.5178109507964166}}
{"cat":"ORDER","data":{"ts":"2026-01-11T17:56:30.7543179Z","type":"OrderSubmit","orderId":0,"instId":1001,"side":"Buy","px":99.77089818684425,"qty":10}}
{"cat":"ORDER","data":{"ts":"2026-01-11T17:56:30.7543608Z","type":"OrderSubmit","orderId":0,"instId":1001,"side":"Sell","px":99.87089818684424,"qty":10}}
{"cat":"PNL","data":{"ts":"2026-01-11T17:56:30.7712593Z","instId":1001,"pos":35,"realPnL":46.524132749037676,"unrealPnL":1.5178109507964166}}
{"cat":"PNL","data":{"ts":"2026-01-11T17:56:30.7713407Z","instId":1001,"pos":35,"realPnL":46.524132749037676,"unrealPnL":2.017810950796317}}
{"cat":"FILL","data":{"ts":"2026-01-11T17:56:30.7713569Z","fillId":107,"orderId":0,"instId":1001,"side":"Buy","px":99.77089818684425,"qty":10}}
{"cat":"RISK","data":{"ts":"2026-01-11T17:56:30.7865025Z","rule":"Venue","action":"Cancel","msg":"Order 0 cancelled by venue (No liquidity)"}}
{"cat":"PNL","data":{"ts":"2026-01-11T17:56:30.8663039Z","instId":1001,"pos":35,"realPnL":46.524132749037676,"unrealPnL":0.37317332308560935}}
{"cat":"ORDER","data":{"ts":"2026-01-11T17:56:30.8824607Z","type":"OrderSubmit","orderId":0,"instId":1001,"side":"Buy","px":99.72390854033823,"qty":10}}
{"cat":"ORDER","data":{"ts":"2026-01-11T17:56:30.8824984Z","type":"OrderSubmit","orderId":0,"instId":1001,"side":"Sell","px":99.82390854033822,"qty":10}}
{"cat":"PNL","data":{"ts":"2026-01-11T17:56:30.8860478Z","instId":1001,"pos":45,"realPnL":46.524132749037676,"unrealPnL":0.37317332308560935}}
{"cat":"PNL","data":{"ts":"2026-01-11T17:56:30.8860799Z","instId":1001,"pos":45,"realPnL":46.524132749037676,"unrealPnL":0.8731733230853678}}
{"cat":"FILL","data":{"ts":"2026-01-11T17:56:30.8860933Z","fillId":108,"orderId":0,"instId":1001,"side":"Buy","px":99.72390854033823,"qty":10}}
{"cat":"PNL","data":{"ts":"2026-01-11T17:56:30.8941716Z","instId":1001,"pos":35,"realPnL":47.21817126527884,"unrealPnL":0.8731733230853678}}
{"cat":"PNL","data":{"ts":"2026-01-11T17:56:30.8942130Z","instId":1001,"pos":35,"realPnL":47.21817126527884,"unrealPnL":0.6791348068441749}}
{"cat":"FILL","data":{"ts":"2026-01-11T17:56:30.8942310Z","fillId":109,"orderId":0,"instId":1001,"side":"Sell","px":99.82390854033822,"qty":10}}
{"cat":"PNL","data":{"ts":"2026-01-11T17:56:30.9681740Z","instId":1001,"pos":35,"realPnL":47.21817126527884,"unrealPnL":0.8092083981566134}}
{"cat":"ORDER","data":{"ts":"2026-01-11T17:56:30.9770810Z","type":"OrderSubmit","orderId":0,"instId":1001,"side":"Buy","px":99.72762492866144,"qty":10}}
{"cat":"ORDER","data":{"ts":"2026-01-11T17:56:30.9771105Z","type":"OrderSubmit","orderId":0,"instId":1001,"side":"Sell","px":99.82762492866144,"qty":10}}
{"cat":"PNL","data":{"ts":"2026-01-11T17:56:30.9850313Z","instId":1001,"pos":45,"realPnL":47.21817126527884,"unrealPnL":0.8092083981566134}}
{"cat":"PNL","data":{"ts":"2026-01-11T17:56:30.9851343Z","instId":1001,"pos":45,"realPnL":47.21817126527884,"unrealPnL":1.309208398156514}}
{"cat":"FILL","data":{"ts":"2026-01-11T17:56:30.9851826Z","fillId":110,"orderId":0,"instId":1001,"side":"Buy","px":99.72762492866144,"qty":10}}
{"cat":"PNL","data":{"ts":"2026-01-11T17:56:30.9877216Z","instId":1001,"pos":35,"realPnL":48.00910646486915,"unrealPnL":1.309208398156514}}
{"cat":"PNL","data":{"ts":"2026-01-11T17:56:30.9877624Z","instId":1001,"pos":35,"realPnL":48.00910646486915,"unrealPnL":1.0182731985661775}}
{"cat":"FILL","data":{"ts":"2026-01-11T17:56:30.9877947Z","fillId":111,"orderId":0,"instId":1001,"side":"Sell","px":99.82762492866144,"qty":10}}
{"cat":"PNL","data":{"ts":"2026-01-11T17:56:31.0689644Z","instId":1001,"pos":35,"realPnL":48.00910646486915,"unrealPnL":1.7581889206110901}}
{"cat":"ORDER","data":{"ts":"2026-01-11T17:56:31.0781144Z","type":"OrderSubmit","orderId":0,"instId":1001,"side":"Buy","px":99.74876537786272,"qty":10}}
{"cat":"ORDER","data":{"ts":"2026-01-11T17:56:31.0781785Z","type":"OrderSubmit","orderId":0,"instId":1001,"side":"Sell","px":99.84876537786272,"qty":10}}
{"cat":"SYSTEM","data":{"ts":"2026-01-11T17:56:31.0937988Z","level":"INFO","comp":"EXECUTION","msg":"Partial fill for Order 0: 7/10"}}
{"cat":"PNL","data":{"ts":"2026-01-11T17:56:31.0938603Z","instId":1001,"pos":42,"realPnL":48.00910646486915,"unrealPnL":1.7581889206110901}}
{"cat":"PNL","data":{"ts":"2026-01-11T17:56:31.0938787Z","instId":1001,"pos":42,"realPnL":48.00910646486915,"unrealPnL":2.1081889206106723}}
{"cat":"FILL","data":{"ts":"2026-01-11T17:56:31.0939131Z","fillId":112,"orderId":0,"instId":1001,"side":"Buy","px":99.74876537786272,"qty":7}}
{"cat":"PNL","data":{"ts":"2026-01-11T17:56:31.1019535Z","instId":1001,"pos":32,"realPnL":49.01105620787166,"unrealPnL":2.1081889206106723}}
{"cat":"PNL","data":{"ts":"2026-01-11T17:56:31.1020370Z","instId":1001,"pos":32,"realPnL":49.01105620787166,"unrealPnL":1.6062391776081313}}
{"cat":"FILL","data":{"ts":"2026-01-11T17:56:31.1020750Z","fillId":113,"orderId":0,"instId":1001,"side":"Sell","px":99.84876537786272,"qty":10}}
{"cat":"PNL","data":{"ts":"2026-01-11T17:56:31.1784185Z","instId":1001,"pos":32,"realPnL":49.01105620787166,"unrealPnL":0.22147007030707755}}
{"cat":"ORDER","data":{"ts":"2026-01-11T17:56:31.1855691Z","type":"OrderSubmit","orderId":0,"instId":1001,"side":"Buy","px":99.70549134325957,"qty":10}}
{"cat":"ORDER","data":{"ts":"2026-01-11T17:56:31.1856600Z","type":"OrderSubmit","orderId":0,"instId":1001,"side":"Sell","px":99.80549134325956,"qty":10}}
{"cat":"PNL","data":{"ts":"2026-01-11T17:56:31.2011941Z","instId":1001,"pos":42,"realPnL":49.01105620787166,"unrealPnL":0.22147007030707755}}
{"cat":"PNL","data":{"ts":"2026-01-11T17:56:31.2012655Z","instId":1001,"pos":42,"realPnL":49.01105620787166,"unrealPnL":0.7214700703071344}}
{"cat":"FILL","data":{"ts":"2026-01-11T17:56:31.2013777Z","fillId":114,"orderId":0,"instId":1001,"side":"Buy","px":99.70549134325957,"qty":10}}
{"cat":"PNL","data":{"ts":"2026-01-11T17:56:31.2111018Z","instId":1001,"pos":32,"realPnL":49.68283479604,"unrealPnL":0.7214700703071344}}
{"cat":"PNL","data":{"ts":"2026-01-11T17:56:31.2112279Z","instId":1001,"pos":32,"realPnL":49.68283479604,"unrealPnL":0.5496914821387691}}
{"cat":"FILL","data":{"ts":"2026-01-11T17:56:31.2112831Z","fillId":115,"orderId":0,"instId":1001,"side":"Sell","px":99.80549134325956,"qty":10}}
{"cat":"PNL","data":{"ts":"2026-01-11T17:56:31.2860969Z","instId":1001,"pos":32,"realPnL":49.68283479604,"unrealPnL":1.9278176800889923}}
{"cat":"ORDER","data":{"ts":"2026-01-11T17:56:31.3016888Z","type":"OrderSubmit","orderId":0,"instId":1001,"side":"Buy","px":99.74855778694551,"qty":10}}
{"cat":"ORDER","data":{"ts":"2026-01-11T17:56:31.3017316Z","type":"OrderSubmit","orderId":0,"instId":1001,"side":"Sell","px":99.8485577869455,"qty":10}}
{"cat":"PNL","data":{"ts":"2026-01-11T17:56:31.3131318Z","instId":1001,"pos":42,"realPnL":49.68283479604,"unrealPnL":1.9278176800889923}}
{"cat":"PNL","data":{"ts":"2026-01-11T17:56:31.3131711Z","instId":1001,"pos":42,"realPnL":49.68283479604,"unrealPnL":2.427817680088708}}
{"cat":"FILL","data":{"ts":"2026-01-11T17:56:31.3131891Z","fillId":116,"orderId":0,"instId":1001,"side":"Buy","px":99.74855778694551,"qty":10}}
{"cat":"PNL","data":{"ts":"2026-01-11T17:56:31.3131966Z","instId":1001,"pos":32,"realPnL":50.76088662463252,"unrealPnL":2.427817680088708}}
{"cat":"PNL","data":{"ts":"2026-01-11T17:56:31.3132004Z","instId":1001,"pos":32,"realPnL":50.76088662463252,"unrealPnL":1.8497658514961586}}
{"cat":"FILL","data":{"ts":"2026-01-11T17:56:31.3132101Z","fillId":117,"orderId":0,"instId":1001,"side":"Sell","px":99.8485577869455,"qty":10}}
{"cat":"PNL","data":{"ts":"2026-01-11T17:56:31.3863304Z","instId":1001,"pos":32,"realPnL":50.76088662463252,"unrealPnL":0.815981006288439}}
{"cat":"ORDER","data":{"ts":"2026-01-11T17:56:31.3937380Z","type":"OrderSubmit","orderId":0,"instId":1001,"side":"Buy","px":99.71625201053277,"qty":10}}
{"cat":"ORDER","data":{"ts":"2026-01-11T17:56:31.3938493Z","type":"OrderSubmit","orderId":0,"instId":1001,"side":"Sell","px":99.81625201053276,"qty":10}}
{"cat":"PNL","data":{"ts":"2026-01-11T17:56:31.4250559Z","instId":1001,"pos":42,"realPnL":50.76088662463252,"unrealPnL":0.815981006288439}}
{"cat":"PNL","data":{"ts":"2026-01-11T17:56:31.4251554Z","instId":1001,"pos":42,"realPnL":50.76088662463252,"unrealPnL":1.3159810062882968}}
{"cat":"FILL","data":{"ts":"2026-01-11T17:56:31.4252083Z","fillId":118,"orderId":0,"instId":1001,"side":"Buy","px":99.71625201053277,"qty":10}}
{"cat":"PNL","data":{"ts":"2026-01-11T17:56:31.4365550Z","instId":1001,"pos":32,"realPnL":51.574215435653514,"unrealPnL":1.3159810062882968}}
{"cat":"PNL","data":{"ts":"2026-01-11T17:56:31.4366288Z","instId":1001,"pos":32,"realPnL":51.574215435653514,"unrealPnL":1.0026521952672738}}
{"cat":"FILL","data":{"ts":"2026-01-11T17:56:31.4366682Z","fillId":119,"orderId":0,"instId":1001,"side":"Sell","px":99.81625201053276,"qty":10}}
{"cat":"PNL","data":{"ts":"2026-01-11T17:56:31.4864018Z","instId":1001,"pos":32,"realPnL":51.574215435653514,"unrealPnL":-0.2939504948112699}}
{"cat":"ORDER","data":{"ts":"2026-01-11T17:56:31.4866533Z","type":"OrderSubmit","orderId":0,"instId":1001,"side":"Buy","px":99.67573317646782,"qty":10}}
{"cat":"ORDER","data":{"ts":"2026-01-11T17:56:31.4867896Z","type":"OrderSubmit","orderId":0,"instId":1001,"side":"Sell","px":99.77573317646781,"qty":10}}
{"cat":"PNL","data":{"ts":"2026-01-11T17:56:31.4934291Z","instId":1001,"pos":42,"realPnL":51.574215435653514,"unrealPnL":-0.2939504948112699}}
{"cat":"PNL","data":{"ts":"2026-01-11T17:56:31.4935057Z","instId":1001,"pos":42,"realPnL":51.574215435653514,"unrealPnL":0.20604950518853116}}
{"cat":"FILL","data":{"ts":"2026-01-11T17:56:31.4935502Z","fillId":120,"orderId":0,"instId":1001,"side":"Buy","px":99.67573317646782,"qty":10}}
{"cat":"PNL","data":{"ts":"2026-01-11T17:56:31.5089345Z","instId":1001,"pos":32,"realPnL":52.123274841650755,"unrealPnL":0.20604950518853116}}
{"cat":"PNL","data":{"ts":"2026-01-11T17:56:31.5090164Z","instId":1001,"pos":32,"realPnL":52.123274841650755,"unrealPnL":0.15699009919126183}}
{"cat":"FILL","data":{"ts":"2026-01-11T17:56:31.5090724Z","fillId":121,"orderId":0,"instId":1001,"side":"Sell","px":99.77573317646781,"qty":10}}
{"cat":"PNL","data":{"ts":"2026-01-11T17:56:31.6006995Z","instId":1001,"pos":32,"realPnL":52.123274841650755,"unrealPnL":-0.10516652378782965}}
{"cat":"ORDER","data":{"ts":"2026-01-11T17:56:31.6112819Z","type":"OrderSubmit","orderId":0,"instId":1001,"side":"Buy","px":99.66754078199972,"qty":10}}
{"cat":"ORDER","data":{"ts":"2026-01-11T17:56:31.6113859Z","type":"OrderSubmit","orderId":0,"instId":1001,"side":"Sell","px":99.76754078199971,"qty":10}}
{"cat":"PNL","data":{"ts":"2026-01-11T17:56:31.6364689Z","instId":1001,"pos":42,"realPnL":52.123274841650755,"unrealPnL":-0.10516652378782965}}
{"cat":"PNL","data":{"ts":"2026-01-11T17:56:31.6365706Z","instId":1001,"pos":42,"realPnL":52.123274841650755,"unrealPnL":0.3948334762118577}}
{"cat":"FILL","data":{"ts":"2026-01-11T17:56:31.6366288Z","fillId":122,"orderId":0,"instId":1001,"side":"Buy","px":99.66754078199972,"qty":10}}
{"cat":"PNL","data":{"ts":"2026-01-11T17:56:31.6456056Z","instId":1001,"pos":32,"realPnL":52.71728281217736,"unrealPnL":0.3948334762118577}}
{"cat":"PNL","data":{"ts":"2026-01-11T17:56:31.6456798Z","instId":1001,"pos":32,"realPnL":52.71728281217736,"unrealPnL":0.3008255056852249}}
{"cat":"FILL","data":{"ts":"2026-01-11T17:56:31.6457261Z","fillId":123,"orderId":0,"instId":1001,"side":"Sell","px":99.76754078199971,"qty":10}}
{"cat":"PNL","data":{"ts":"2026-01-11T17:56:31.7162568Z","instId":1001,"pos":32,"realPnL":52.71728281217736,"unrealPnL":-0.21155989344788395}}
{"cat":"ORDER","data":{"ts":"2026-01-11T17:56:31.7275845Z","type":"OrderSubmit","orderId":0,"instId":1001,"side":"Buy","px":99.65152873827681,"qty":10}}
{"cat":"ORDER","data":{"ts":"2026-01-11T17:56:31.7276288Z","type":"OrderSubmit","orderId":0,"instId":1001,"side":"Sell","px":99.7515287382768,"qty":10}}
{"cat":"PNL","data":{"ts":"2026-01-11T17:56:31.7462325Z","instId":1001,"pos":42,"realPnL":52.71728281217736,"unrealPnL":-0.21155989344788395}}
{"cat":"PNL","data":{"ts":"2026-01-11T17:56:31.7463286Z","instId":1001,"pos":42,"realPnL":52.71728281217736,"unrealPnL":0.2884401065521729}}
{"cat":"FILL","data":{"ts":"2026-01-11T17:56:31.7463971Z","fillId":124,"orderId":0,"instId":1001,"side":"Buy","px":99.65152873827681,"qty":10}}
{"cat":"PNL","data":{"ts":"2026-01-11T17:56:31.7617005Z","instId":1001,"pos":32,"realPnL":53.285959028023086,"unrealPnL":0.2884401065521729}}
{"cat":"PNL","data":{"ts":"2026-01-11T17:56:31.7617931Z","instId":1001,"pos":32,"realPnL":53.285959028023086,"unrealPnL":0.21976389070641744}}
{"cat":"FILL","data":{"ts":"2026-01-11T17:56:31.7618413Z","fillId":125,"orderId":0,"instId":1001,"side":"Sell","px":99.7515287382768,"qty":10}}
{"cat":"PNL","data":{"ts":"2026-01-11T17:56:31.8257902Z","instId":1001,"pos":32,"realPnL":53.285959028023086,"unrealPnL":-1.332366909756729}}
{"cat":"ORDER","data":{"ts":"2026-01-11T17:56:31.8407748Z","type":"OrderSubmit","orderId":0,"instId":1001,"side":"Buy","px":99.60302465076234,"qty":10}}
{"cat":"ORDER","data":{"ts":"2026-01-11T17:56:31.8408187Z","type":"OrderSubmit","orderId":0,"instId":1001,"side":"Sell","px":99.70302465076233,"qty":10}}
{"cat":"PNL","data":{"ts":"2026-01-11T17:56:31.8467356Z","instId":1001,"pos":42,"realPnL":53.285959028023086,"unrealPnL":-1.332366909756729}}
{"cat":"PNL","data":{"ts":"2026-01-11T17:56:31.8467977Z","instId":1001,"pos":42,"realPnL":53.285959028023086,"unrealPnL":-0.8323669097565016}}
{"cat":"FILL","data":{"ts":"2026-01-11T17:56:31.8468307Z","fillId":126,"orderId":0,"instId":1001,"side":"Buy","px":99.60302465076234,"qty":10}}
{"cat":"PNL","data":{"ts":"2026-01-11T17:56:31.8542837Z","instId":1001,"pos":32,"realPnL":53.587776430461986,"unrealPnL":-0.8323669097565016}}
{"cat":"PNL","data":{"ts":"2026-01-11T17:56:31.8544023Z","instId":1001,"pos":32,"realPnL":53.587776430461986,"unrealPnL":-0.6341843121954298}}
{"cat":"FILL","data":{"ts":"2026-01-11T17:56:31.8544388Z","fillId":127,"orderId":0,"instId":1001,"side":"Sell","px":99.70302465076233,"qty":10}}
{"cat":"PNL","data":{"ts":"2026-01-11T17:56:31.9334568Z","instId":1001,"pos":32,"realPnL":53.587776430461986,"unrealPnL":0.388726979850162}}
{"cat":"ORDER","data":{"ts":"2026-01-11T17:56:31.9363706Z","type":"OrderSubmit","orderId":0,"instId":1001,"side":"Buy","px":99.63499062863876,"qty":10}}
{"cat":"ORDER","data":{"ts":"2026-01-11T17:56:31.9364359Z","type":"OrderSubmit","orderId":0,"instId":1001,"side":"Sell","px":99.73499062863876,"qty":10}}
{"cat":"PNL","data":{"ts":"2026-01-11T17:56:31.9457610Z","instId":1001,"pos":42,"realPnL":53.587776430461986,"unrealPnL":0.388726979850162}}
{"cat":"PNL","data":{"ts":"2026-01-11T17:56:31.9459372Z","instId":1001,"pos":42,"realPnL":53.587776430461986,"unrealPnL":0.8887269798499062}}
{"cat":"FILL","data":{"ts":"2026-01-11T17:56:31.9460392Z","fillId":128,"orderId":0,"instId":1001,"side":"Buy","px":99.63499062863876,"qty":10}}
{"cat":"PNL","data":{"ts":"2026-01-11T17:56:31.9615521Z","instId":1001,"pos":32,"realPnL":54.29937809233098,"unrealPnL":0.8887269798499062}}
{"cat":"PNL","data":{"ts":"2026-01-11T17:56:31.9616902Z","instId":1001,"pos":32,"realPnL":54.29937809233098,"unrealPnL":0.6771253179808809}}
{"cat":"FILL","data":{"ts":"2026-01-11T17:56:31.9617361Z","fillId":129,"orderId":0,"instId":1001,"side":"Sell","px":99.73499062863876,"qty":10}}
{"cat":"PNL","data":{"ts":"2026-01-11T17:56:32.0358019Z","instId":1001,"pos":32,"realPnL":54.29937809233098,"unrealPnL":-0.859746590595023}}
{"cat":"ORDER","data":{"ts":"2026-01-11T17:56:32.0441355Z","type":"OrderSubmit","orderId":0,"instId":1001,"side":"Buy","px":99.58696338149576,"qty":10}}
{"cat":"ORDER","data":{"ts":"2026-01-11T17:56:32.0442470Z","type":"OrderSubmit","orderId":0,"instId":1001,"side":"Sell","px":99.68696338149576,"qty":10}}
{"cat":"PNL","data":{"ts":"2026-01-11T17:56:32.0598901Z","instId":1001,"pos":42,"realPnL":54.29937809233098,"unrealPnL":-0.859746590595023}}
{"cat":"PNL","data":{"ts":"2026-01-11T17:56:32.0599894Z","instId":1001,"pos":42,"realPnL":54.29937809233098,"unrealPnL":-0.3597465905952788}}
{"cat":"FILL","data":{"ts":"2026-01-11T17:56:32.0600306Z","fillId":130,"orderId":0,"instId":1001,"side":"Buy","px":99.58696338149576,"qty":10}}
{"cat":"PNL","data":{"ts":"2026-01-11T17:56:32.0693549Z","instId":1001,"pos":32,"realPnL":54.71372414218922,"unrealPnL":-0.3597465905952788}}
{"cat":"PNL","data":{"ts":"2026-01-11T17:56:32.0694586Z","instId":1001,"pos":32,"realPnL":54.71372414218922,"unrealPnL":-0.27409264045354576}}
{"cat":"FILL","data":{"ts":"2026-01-11T17:56:32.0695638Z","fillId":131,"orderId":0,"instId":1001,"side":"Sell","px":99.68696338149576,"qty":10}}
{"cat":"PNL","data":{"ts":"2026-01-11T17:56:32.1508394Z","instId":1001,"pos":32,"realPnL":54.71372414218922,"unrealPnL":0.9086365007665336}}
{"cat":"ORDER","data":{"ts":"2026-01-11T17:56:32.1624973Z","type":"OrderSubmit","orderId":0,"instId":1001,"side":"Buy","px":99.62392366715889,"qty":10}}
{"cat":"ORDER","data":{"ts":"2026-01-11T17:56:32.1625512Z","type":"OrderSubmit","orderId":0,"instId":1001,"side":"Sell","px":99.72392366715889,"qty":10}}
{"cat":"PNL","data":{"ts":"2026-01-11T17:56:32.1856639Z","instId":1001,"pos":42,"realPnL":54.71372414218922,"unrealPnL":0.9086365007665336}}
{"cat":"PNL","data":{"ts":"2026-01-11T17:56:32.1857954Z","instId":1001,"pos":42,"realPnL":54.71372414218922,"unrealPnL":1.4086365007668178}}
{"cat":"FILL","data":{"ts":"2026-01-11T17:56:32.1858385Z","fillId":132,"orderId":0,"instId":1001,"side":"Buy","px":99.62392366715889,"qty":10}}
{"cat":"PNL","data":{"ts":"2026-01-11T17:56:32.2017136Z","instId":1001,"pos":32,"realPnL":55.54911378522891,"unrealPnL":1.4086365007668178}}
{"cat":"PNL","data":{"ts":"2026-01-11T17:56:32.2018784Z","instId":1001,"pos":32,"realPnL":55.54911378522891,"unrealPnL":1.0732468577270993}}
{"cat":"FILL","data":{"ts":"2026-01-11T17:56:32.2019490Z","fillId":133,"orderId":0,"instId":1001,"side":"Sell","px":99.72392366715889,"qty":10}}
{"cat":"PNL","data":{"ts":"2026-01-11T17:56:32.2512194Z","instId":1001,"pos":32,"realPnL":55.54911378522891,"unrealPnL":1.8111337376640222}}
{"cat":"ORDER","data":{"ts":"2026-01-11T17:56:32.2513901Z","type":"OrderSubmit","orderId":0,"instId":1001,"side":"Buy","px":99.64698263215692,"qty":10}}
{"cat":"ORDER","data":{"ts":"2026-01-11T17:56:32.2515530Z","type":"OrderSubmit","orderId":0,"instId":1001,"side":"Sell","px":99.74698263215691,"qty":10}}
{"cat":"PNL","data":{"ts":"2026-01-11T17:56:32.2779047Z","instId":1001,"pos":42,"realPnL":55.54911378522891,"unrealPnL":1.8111337376640222}}
{"cat":"PNL","data":{"ts":"2026-01-11T17:56:32.2779781Z","instId":1001,"pos":42,"realPnL":55.54911378522891,"unrealPnL":2.311133737664335}}
{"cat":"FILL","data":{"ts":"2026-01-11T17:56:32.2780120Z","fillId":134,"orderId":0,"instId":1001,"side":"Buy","px":99.64698263215692,"qty":10}}
{"cat":"SYSTEM","data":{"ts":"2026-01-11T17:56:32.2856612Z","level":"INFO","comp":"EXECUTION","msg":"Partial fill for Order 0: 3/10"}}
{"cat":"PNL","data":{"ts":"2026-01-11T17:56:32.2857686Z","instId":1001,"pos":39,"realPnL":55.86419476649064,"unrealPnL":2.311133737664335}}
{"cat":"PNL","data":{"ts":"2026-01-11T17:56:32.2857959Z","instId":1001,"pos":39,"realPnL":55.86419476649064,"unrealPnL":2.1460527564025966}}
{"cat":"FILL","data":{"ts":"2026-01-11T17:56:32.2858375Z","fillId":135,"orderId":0,"instId":1001,"side":"Sell","px":99.74698263215691,"qty":3}}
{"cat":"PNL","data":{"ts":"2026-01-11T17:56:32.3630407Z","instId":1001,"pos":39,"realPnL":55.86419476649064,"unrealPnL":3.191273941153142}}
{"cat":"ORDER","data":{"ts":"2026-01-11T17:56:32.3778031Z","type":"OrderSubmit","orderId":0,"instId":1001,"side":"Buy","px":99.67378317535565,"qty":10}}
{"cat":"ORDER","data":{"ts":"2026-01-11T17:56:32.3778930Z","type":"OrderSubmit","orderId":0,"instId":1001,"side":"Sell","px":99.77378317535565,"qty":10}}
{"cat":"PNL","data":{"ts":"2026-01-11T17:56:32.3943078Z","instId":1001,"pos":49,"realPnL":55.86419476649064,"unrealPnL":3.191273941153142}}
{"cat":"PNL","data":{"ts":"2026-01-11T17:56:32.3943839Z","instId":1001,"pos":49,"realPnL":55.86419476649064,"unrealPnL":3.6912739411531987}}
{"cat":"FILL","data":{"ts":"2026-01-11T17:56:32.3944202Z","fillId":136,"orderId":0,"instId":1001,"side":"Buy","px":99.67378317535565,"qty":10}}
{"cat":"PNL","data":{"ts":"2026-01-11T17:56:32.4100587Z","instId":1001,"pos":39,"realPnL":57.11751597897086,"unrealPnL":3.6912739411531987}}
{"cat":"PNL","data":{"ts":"2026-01-11T17:56:32.4101668Z","instId":1001,"pos":39,"realPnL":57.11751597897086,"unrealPnL":2.937952728672954}}
{"cat":"FILL","data":{"ts":"2026-01-11T17:56:32.4102498Z","fillId":137,"orderId":0,"instId":1001,"side":"Sell","px":99.77378317535565,"qty":10}}
{"cat":"PNL","data":{"ts":"2026-01-11T17:56:32.4767908Z","instId":1001,"pos":39,"realPnL":57.11751597897086,"unrealPnL":2.40776626595391}}
{"cat":"ORDER","data":{"ts":"2026-01-11T17:56:32.4927497Z","type":"OrderSubmit","orderId":0,"instId":1001,"side":"Buy","px":99.66018865067055,"qty":10}}
{"cat":"ORDER","data":{"ts":"2026-01-11T17:56:32.4928201Z","type":"OrderSubmit","orderId":0,"instId":1001,"side":"Sell","px":99.76018865067054,"qty":10}}
{"cat":"PNL","data":{"ts":"2026-01-11T17:56:32.5126880Z","instId":1001,"pos":49,"realPnL":57.11751597897086,"unrealPnL":2.40776626595391}}
{"cat":"PNL","data":{"ts":"2026-01-11T17:56:32.5127880Z","instId":1001,"pos":49,"realPnL":57.11751597897086,"unrealPnL":2.9077662659538674}}
{"cat":"FILL","data":{"ts":"2026-01-11T17:56:32.5128312Z","fillId":138,"orderId":0,"instId":1001,"side":"Buy","px":99.66018865067055,"qty":10}}
{"cat":"PNL","data":{"ts":"2026-01-11T17:56:32.5280281Z","instId":1001,"pos":39,"realPnL":58.21093766590019,"unrealPnL":2.9077662659538674}}
{"cat":"PNL","data":{"ts":"2026-01-11T17:56:32.5280934Z","instId":1001,"pos":39,"realPnL":58.21093766590019,"unrealPnL":2.3143445790245067}}
{"cat":"FILL","data":{"ts":"2026-01-11T17:56:32.5281265Z","fillId":139,"orderId":0,"instId":1001,"side":"Sell","px":99.76018865067054,"qty":10}}
{"cat":"PNL","data":{"ts":"2026-01-11T17:56:32.5863608Z","instId":1001,"pos":39,"realPnL":58.21093766590019,"unrealPnL":3.2435304765921984}}
{"cat":"ORDER","data":{"ts":"2026-01-11T17:56:32.5946329Z","type":"OrderSubmit","orderId":0,"instId":1001,"side":"Buy","px":99.68401393009536,"qty":10}}
{"cat":"ORDER","data":{"ts":"2026-01-11T17:56:32.5946873Z","type":"OrderSubmit","orderId":0,"instId":1001,"side":"Sell","px":99.78401393009536,"qty":10}}
{"cat":"PNL","data":{"ts":"2026-01-11T17:56:32.6255197Z","instId":1001,"pos":49,"realPnL":58.21093766590019,"unrealPnL":3.2435304765921984}}
{"cat":"PNL","data":{"ts":"2026-01-11T17:56:32.6256359Z","instId":1001,"pos":49,"realPnL":58.21093766590019,"unrealPnL":3.7435304765924258}}
{"cat":"FILL","data":{"ts":"2026-01-11T17:56:32.6257141Z","fillId":140,"orderId":0,"instId":1001,"side":"Buy","px":99.68401393009536,"qty":10}}
{"cat":"SYSTEM","data":{"ts":"2026-01-11T17:56:32.6364146Z","level":"INFO","comp":"EXECUTION","msg":"Partial fill for Order 0: 6/10"}}
{"cat":"PNL","data":{"ts":"2026-01-11T17:56:32.6364844Z","instId":1001,"pos":43,"realPnL":58.96932915282986,"unrealPnL":3.7435304765924258}}
{"cat":"PNL","data":{"ts":"2026-01-11T17:56:32.6365093Z","instId":1001,"pos":43,"realPnL":58.96932915282986,"unrealPnL":3.285138989662741}}
{"cat":"FILL","data":{"ts":"2026-01-11T17:56:32.6365486Z","fillId":141,"orderId":0,"instId":1001,"side":"Sell","px":99.78401393009536,"qty":6}}
{"cat":"PNL","data":{"ts":"2026-01-11T17:56:32.7019235Z","instId":1001,"pos":43,"realPnL":58.96932915282986,"unrealPnL":4.193208490249972}}
{"cat":"ORDER","data":{"ts":"2026-01-11T17:56:32.7166860Z","type":"OrderSubmit","orderId":0,"instId":1001,"side":"Buy","px":99.70513182545785,"qty":10}}
{"cat":"ORDER","data":{"ts":"2026-01-11T17:56:32.7167805Z","type":"OrderSubmit","orderId":0,"instId":1001,"side":"Sell","px":99.80513182545785,"qty":10}}
{"cat":"PNL","data":{"ts":"2026-01-11T17:56:32.7507407Z","instId":1001,"pos":53,"realPnL":58.96932915282986,"unrealPnL":4.193208490249972}}
{"cat":"PNL","data":{"ts":"2026-01-11T17:56:32.7508483Z","instId":1001,"pos":53,"realPnL":58.96932915282986,"unrealPnL":4.693208490250015}}
{"cat":"FILL","data":{"ts":"2026-01-11T17:56:32.7508960Z","fillId":142,"orderId":0,"instId":1001,"side":"Buy","px":99.70513182545785,"qty":10}}
{"cat":"PNL","data":{"ts":"2026-01-11T17:56:32.7509167Z","instId":1001,"pos":43,"realPnL":60.35484018872606,"unrealPnL":4.693208490250015}}
{"cat":"PNL","data":{"ts":"2026-01-11T17:56:32.7509483Z","instId":1001,"pos":43,"realPnL":60.35484018872606,"unrealPnL":3.807697454353786}}
{"cat":"FILL","data":{"ts":"2026-01-11T17:56:32.7509793Z","fillId":143,"orderId":0,"instId":1001,"side":"Sell","px":99.80513182545785,"qty":10}}
{"cat":"PNL","data":{"ts":"2026-01-11T17:56:32.8086804Z","instId":1001,"pos":43,"realPnL":60.35484018872606,"unrealPnL":3.5457486032715906}}
{"cat":"ORDER","data":{"ts":"2026-01-11T17:56:32.8250515Z","type":"OrderSubmit","orderId":0,"instId":1001,"side":"Buy","px":99.69903999171176,"qty":10}}
{"cat":"ORDER","data":{"ts":"2026-01-11T17:56:32.8251383Z","type":"OrderSubmit","orderId":0,"instId":1001,"side":"Sell","px":99.79903999171175,"qty":10}}
{"cat":"PNL","data":{"ts":"2026-01-11T17:56:32.8320402Z","instId":1001,"pos":53,"realPnL":60.35484018872606,"unrealPnL":3.5457486032715906}}
{"cat":"PNL","data":{"ts":"2026-01-11T17:56:32.8321042Z","instId":1001,"pos":53,"realPnL":60.35484018872606,"unrealPnL":4.045748603271647}}
{"cat":"FILL","data":{"ts":"2026-01-11T17:56:32.8321395Z","fillId":144,"orderId":0,"instId":1001,"side":"Buy","px":99.69903999171176,"qty":10}}
{"cat":"PNL","data":{"ts":"2026-01-11T17:56:32.8353034Z","instId":1001,"pos":43,"realPnL":61.61818898179615,"unrealPnL":4.045748603271647}}
{"cat":"PNL","data":{"ts":"2026-01-11T17:56:32.8353713Z","instId":1001,"pos":43,"realPnL":61.61818898179615,"unrealPnL":3.2823998102015253}}
{"cat":"FILL","data":{"ts":"2026-01-11T17:56:32.8354083Z","fillId":145,"orderId":0,"instId":1001,"side":"Sell","px":99.79903999171175,"qty":10}}
{"cat":"PNL","data":{"ts":"2026-01-11T17:56:32.9101124Z","instId":1001,"pos":43,"realPnL":61.61818898179615,"unrealPnL":2.7433526141180096}}
{"cat":"ORDER","data":{"ts":"2026-01-11T17:56:32.9103756Z","type":"OrderSubmit","orderId":0,"instId":1001,"side":"Buy","px":99.68650401040749,"qty":10}}
{"cat":"ORDER","data":{"ts":"2026-01-11T17:56:32.9104156Z","type":"OrderSubmit","orderId":0,"instId":1001,"side":"Sell","px":99.78650401040748,"qty":10}}
{"cat":"PNL","data":{"ts":"2026-01-11T17:56:32.9432708Z","instId":1001,"pos":53,"realPnL":61.61818898179615,"unrealPnL":2.7433526141180096}}
{"cat":"PNL","data":{"ts":"2026-01-11T17:56:32.9433705Z","instId":1001,"pos":53,"realPnL":61.61818898179615,"unrealPnL":3.2433526141182227}}
{"cat":"FILL","data":{"ts":"2026-01-11T17:56:32.9434160Z","fillId":146,"orderId":0,"instId":1001,"side":"Buy","px":99.68650401040749,"qty":10}}
{"cat":"PNL","data":{"ts":"2026-01-11T17:56:32.9434369Z","instId":1001,"pos":43,"realPnL":62.730142305214656,"unrealPnL":3.2433526141182227}}
{"cat":"PNL","data":{"ts":"2026-01-11T17:56:32.9434696Z","instId":1001,"pos":43,"realPnL":62.730142305214656,"unrealPnL":2.63139929069969}}
{"cat":"FILL","data":{"ts":"2026-01-11T17:56:32.9434890Z","fillId":147,"orderId":0,"instId":1001,"side":"Sell","px":99.78650401040748,"qty":10}}
{"cat":"PNL","data":{"ts":"2026-01-11T17:56:33.0098421Z","instId":1001,"pos":43,"realPnL":62.730142305214656,"unrealPnL":3.2647362852559496}}
{"cat":"ORDER","data":{"ts":"2026-01-11T17:56:33.0252760Z","type":"OrderSubmit","orderId":0,"instId":1001,"side":"Buy","px":99.70123277772275,"qty":10}}
{"cat":"ORDER","data":{"ts":"2026-01-11T17:56:33.0253382Z","type":"OrderSubmit","orderId":0,"instId":1001,"side":"Sell","px":99.80123277772275,"qty":10}}
{"cat":"PNL","data":{"ts":"2026-01-11T17:56:33.0522239Z","instId":1001,"pos":53,"realPnL":62.730142305214656,"unrealPnL":3.2647362852559496}}
{"cat":"PNL","data":{"ts":"2026-01-11T17:56:33.0524103Z","instId":1001,"pos":53,"realPnL":62.730142305214656,"unrealPnL":3.764736285256106}}
{"cat":"FILL","data":{"ts":"2026-01-11T17:56:33.0526633Z","fillId":148,"orderId":0,"instId":1001,"side":"Buy","px":99.70123277772275,"qty":10}}
{"cat":"PNL","data":{"ts":"2026-01-11T17:56:33.0680774Z","instId":1001,"pos":43,"realPnL":63.940469906206346,"unrealPnL":3.764736285256106}}
{"cat":"PNL","data":{"ts":"2026-01-11T17:56:33.0681656Z","instId":1001,"pos":43,"realPnL":63.940469906206346,"unrealPnL":3.054408684264388}}
{"cat":"FILL","data":{"ts":"2026-01-11T17:56:33.0682166Z","fillId":149,"orderId":0,"instId":1001,"side":"Sell","px":99.80123277772275,"qty":10}}
{"cat":"PNL","data":{"ts":"2026-01-11T17:56:33.1185203Z","instId":1001,"pos":43,"realPnL":63.940469906206346,"unrealPnL":3.7099631821142083}}
{"cat":"ORDER","data":{"ts":"2026-01-11T17:56:33.1266788Z","type":"OrderSubmit","orderId":0,"instId":1001,"side":"Buy","px":99.71647823116112,"qty":10}}
{"cat":"ORDER","data":{"ts":"2026-01-11T17:56:33.1267984Z","type":"OrderSubmit","orderId":0,"instId":1001,"side":"Sell","px":99.81647823116111,"qty":10}}
{"cat":"PNL","data":{"ts":"2026-01-11T17:56:33.1584896Z","instId":1001,"pos":53,"realPnL":63.940469906206346,"unrealPnL":3.7099631821142083}}
{"cat":"PNL","data":{"ts":"2026-01-11T17:56:33.1586147Z","instId":1001,"pos":53,"realPnL":63.940469906206346,"unrealPnL":4.209963182114365}}
{"cat":"FILL","data":{"ts":"2026-01-11T17:56:33.1586682Z","fillId":150,"orderId":0,"instId":1001,"side":"Buy","px":99.71647823116112,"qty":10}}
{"cat":"PNL","data":{"ts":"2026-01-11T17:56:33.1736303Z","instId":1001,"pos":43,"realPnL":65.23480258207695,"unrealPnL":4.209963182114365}}
{"cat":"PNL","data":{"ts":"2026-01-11T17:56:33.1736855Z","instId":1001,"pos":43,"realPnL":65.23480258207695,"unrealPnL":3.4156305062437298}}
{"cat":"FILL","data":{"ts":"2026-01-11T17:56:33.1737152Z","fillId":151,"orderId":0,"instId":1001,"side":"Sell","px":99.81647823116111,"qty":10}}
