{"cat":"SYSTEM","data":{"ts":"2026-01-11T14:39:19.7662817Z","level":"INFO","comp":"ENGINE","msg":"Initializing components..."}}
{"cat":"SYSTEM","data":{"ts":"2026-01-11T14:39:19.8048573Z","level":"INFO","comp":"ENGINE","msg":"Transitioned to STANDBY."}}
{"cat":"SYSTEM","data":{"ts":"2026-01-11T14:39:19.8092435Z","level":"INFO","comp":"ENGINE","msg":"Transitioned to TRADING."}}
{"cat":"ORDER","data":{"ts":"2026-01-11T14:39:19.8158803Z","type":"OrderSubmit","orderId":1,"instId":1001,"side":"Buy","px":99.90667469348138,"qty":10}}
{"cat":"ORDER","data":{"ts":"2026-01-11T14:39:19.8225013Z","type":"OrderSubmit","orderId":2,"instId":1001,"side":"Sell","px":100.00667469348137,"qty":10}}
{"cat":"FILL","data":{"ts":"2026-01-11T14:39:19.8312475Z","fillId":1,"orderId":1,"instId":1001,"side":"Buy","px":99.90667469348138,"qty":10}}
{"cat":"FILL","data":{"ts":"2026-01-11T14:39:19.8336981Z","fillId":2,"orderId":2,"instId":1001,"side":"Sell","px":100.00667469348137,"qty":10}}
{"cat":"ORDER","data":{"ts":"2026-01-11T14:39:19.9293658Z","type":"OrderSubmit","orderId":3,"instId":1001,"side":"Buy","px":99.86369064436931,"qty":10}}
{"cat":"ORDER","data":{"ts":"2026-01-11T14:39:19.9294853Z","type":"OrderSubmit","orderId":4,"instId":1001,"side":"Sell","px":99.96369064436931,"qty":10}}
{"cat":"FILL","data":{"ts":"2026-01-11T14:39:19.9463781Z","fillId":3,"orderId":3,"instId":1001,"side":"Buy","px":99.86369064436931,"qty":10}}
{"cat":"FILL","data":{"ts":"2026-01-11T14:39:19.9464822Z","fillId":4,"orderId":4,"instId":1001,"side":"Sell","px":99.96369064436931,"qty":10}}
{"cat":"ORDER","data":{"ts":"2026-01-11T14:39:20.0546841Z","type":"OrderSubmit","orderId":5,"instId":1001,"side":"Buy","px":99.8911671578843,"qty":10}}
{"cat":"FILL","data":{"ts":"2026-01-11T14:39:20.0546792Z","fillId":5,"orderId":5,"instId":1001,"side":"Buy","px":99.8911671578843,"qty":10}}
{"cat":"ORDER","data":{"ts":"2026-01-11T14:39:20.0547874Z","type":"OrderSubmit","orderId":6,"instId":1001,"side":"Sell","px":99.99116715788429,"qty":10}}
{"cat":"FILL","data":{"ts":"2026-01-11T14:39:20.0548148Z","fillId":6,"orderId":6,"instId":1001,"side":"Sell","px":99.99116715788429,"qty":10}}
{"cat":"ORDER","data":{"ts":"2026-01-11T14:39:20.1564622Z","type":"OrderSubmit","orderId":7,"instId":1001,"side":"Buy","px":99.89228108476023,"qty":10}}
{"cat":"ORDER","data":{"ts":"2026-01-11T14:39:20.1565963Z","type":"OrderSubmit","orderId":8,"instId":1001,"side":"Sell","px":99.99228108476022,"qty":10}}
{"cat":"FILL","data":{"ts":"2026-01-11T14:39:20.1628142Z","fillId":7,"orderId":7,"instId":1001,"side":"Buy","px":99.89228108476023,"qty":10}}
{"cat":"FILL","data":{"ts":"2026-01-11T14:39:20.1628935Z","fillId":8,"orderId":8,"instId":1001,"side":"Sell","px":99.99228108476022,"qty":10}}
{"cat":"ORDER","data":{"ts":"2026-01-11T14:39:20.2628021Z","type":"OrderSubmit","orderId":9,"instId":1001,"side":"Buy","px":99.9220301406095,"qty":10}}
{"cat":"FILL","data":{"ts":"2026-01-11T14:39:20.2628100Z","fillId":9,"orderId":9,"instId":1001,"side":"Buy","px":99.9220301406095,"qty":10}}
{"cat":"ORDER","data":{"ts":"2026-01-11T14:39:20.2629200Z","type":"OrderSubmit","orderId":10,"instId":1001,"side":"Sell","px":100.02203014060949,"qty":10}}
{"cat":"FILL","data":{"ts":"2026-01-11T14:39:20.2629426Z","fillId":10,"orderId":10,"instId":1001,"side":"Sell","px":100.02203014060949,"qty":10}}
{"cat":"ORDER","data":{"ts":"2026-01-11T14:39:20.3707460Z","type":"OrderSubmit","orderId":11,"instId":1001,"side":"Buy","px":99.95476096971183,"qty":10}}
{"cat":"ORDER","data":{"ts":"2026-01-11T14:39:20.3708611Z","type":"OrderSubmit","orderId":12,"instId":1001,"side":"Sell","px":100.05476096971182,"qty":10}}
{"cat":"FILL","data":{"ts":"2026-01-11T14:39:20.3719136Z","fillId":11,"orderId":11,"instId":1001,"side":"Buy","px":99.95476096971183,"qty":10}}
{"cat":"FILL","data":{"ts":"2026-01-11T14:39:20.3719887Z","fillId":12,"orderId":12,"instId":1001,"side":"Sell","px":100.05476096971182,"qty":10}}
{"cat":"ORDER","data":{"ts":"2026-01-11T14:39:20.4642793Z","type":"OrderSubmit","orderId":13,"instId":1001,"side":"Buy","px":99.92135684924264,"qty":10}}
{"cat":"FILL","data":{"ts":"2026-01-11T14:39:20.4643062Z","fillId":13,"orderId":13,"instId":1001,"side":"Buy","px":99.92135684924264,"qty":10}}
{"cat":"ORDER","data":{"ts":"2026-01-11T14:39:20.4645233Z","type":"OrderSubmit","orderId":14,"instId":1001,"side":"Sell","px":100.02135684924264,"qty":10}}
{"cat":"FILL","data":{"ts":"2026-01-11T14:39:20.4645706Z","fillId":14,"orderId":14,"instId":1001,"side":"Sell","px":100.02135684924264,"qty":10}}
{"cat":"ORDER","data":{"ts":"2026-01-11T14:39:20.5802387Z","type":"OrderSubmit","orderId":15,"instId":1001,"side":"Buy","px":99.94496991159161,"qty":10}}
{"cat":"ORDER","data":{"ts":"2026-01-11T14:39:20.5803405Z","type":"OrderSubmit","orderId":16,"instId":1001,"side":"Sell","px":100.04496991159161,"qty":10}}
{"cat":"FILL","data":{"ts":"2026-01-11T14:39:20.5951306Z","fillId":15,"orderId":15,"instId":1001,"side":"Buy","px":99.94496991159161,"qty":10}}
{"cat":"FILL","data":{"ts":"2026-01-11T14:39:20.5952315Z","fillId":16,"orderId":16,"instId":1001,"side":"Sell","px":100.04496991159161,"qty":10}}
{"cat":"ORDER","data":{"ts":"2026-01-11T14:39:20.6961730Z","type":"OrderSubmit","orderId":17,"instId":1001,"side":"Buy","px":99.92099154806743,"qty":10}}
{"cat":"ORDER","data":{"ts":"2026-01-11T14:39:20.6962950Z","type":"OrderSubmit","orderId":18,"instId":1001,"side":"Sell","px":100.02099154806743,"qty":10}}
{"cat":"FILL","data":{"ts":"2026-01-11T14:39:20.7052976Z","fillId":17,"orderId":17,"instId":1001,"side":"Buy","px":99.92099154806743,"qty":10}}
{"cat":"FILL","data":{"ts":"2026-01-11T14:39:20.7054419Z","fillId":18,"orderId":18,"instId":1001,"side":"Sell","px":100.02099154806743,"qty":10}}
{"cat":"ORDER","data":{"ts":"2026-01-11T14:39:20.7945507Z","type":"OrderSubmit","orderId":19,"instId":1001,"side":"Buy","px":99.92159203317557,"qty":10}}
{"cat":"ORDER","data":{"ts":"2026-01-11T14:39:20.7946855Z","type":"OrderSubmit","orderId":20,"instId":1001,"side":"Sell","px":100.02159203317557,"qty":10}}
{"cat":"FILL","data":{"ts":"2026-01-11T14:39:20.8099171Z","fillId":19,"orderId":19,"instId":1001,"side":"Buy","px":99.92159203317557,"qty":10}}
{"cat":"FILL","data":{"ts":"2026-01-11T14:39:20.8100432Z","fillId":20,"orderId":20,"instId":1001,"side":"Sell","px":100.02159203317557,"qty":10}}
{"cat":"ORDER","data":{"ts":"2026-01-11T14:39:20.9193634Z","type":"OrderSubmit","orderId":21,"instId":1001,"side":"Buy","px":99.89461940540683,"qty":10}}
{"cat":"FILL","data":{"ts":"2026-01-11T14:39:20.9194097Z","fillId":21,"orderId":21,"instId":1001,"side":"Buy","px":99.89461940540683,"qty":10}}
{"cat":"ORDER","data":{"ts":"2026-01-11T14:39:20.9194917Z","type":"OrderSubmit","orderId":22,"instId":1001,"side":"Sell","px":99.99461940540682,"qty":10}}
{"cat":"FILL","data":{"ts":"2026-01-11T14:39:20.9195136Z","fillId":22,"orderId":22,"instId":1001,"side":"Sell","px":99.99461940540682,"qty":10}}
{"cat":"ORDER","data":{"ts":"2026-01-11T14:39:20.9965785Z","type":"OrderSubmit","orderId":23,"instId":1001,"side":"Buy","px":99.88333344973314,"qty":10}}
{"cat":"ORDER","data":{"ts":"2026-01-11T14:39:20.9967923Z","type":"OrderSubmit","orderId":24,"instId":1001,"side":"Sell","px":99.98333344973314,"qty":10}}
{"cat":"FILL","data":{"ts":"2026-01-11T14:39:20.9980921Z","fillId":23,"orderId":23,"instId":1001,"side":"Buy","px":99.88333344973314,"qty":10}}
{"cat":"FILL","data":{"ts":"2026-01-11T14:39:20.9982809Z","fillId":24,"orderId":24,"instId":1001,"side":"Sell","px":99.98333344973314,"qty":10}}
{"cat":"ORDER","data":{"ts":"2026-01-11T14:39:21.1045876Z","type":"OrderSubmit","orderId":25,"instId":1001,"side":"Buy","px":99.85493151124332,"qty":10}}
{"cat":"ORDER","data":{"ts":"2026-01-11T14:39:21.1047063Z","type":"OrderSubmit","orderId":26,"instId":1001,"side":"Sell","px":99.95493151124332,"qty":10}}
{"cat":"FILL","data":{"ts":"2026-01-11T14:39:21.1127584Z","fillId":25,"orderId":25,"instId":1001,"side":"Buy","px":99.85493151124332,"qty":10}}
{"cat":"FILL","data":{"ts":"2026-01-11T14:39:21.1128240Z","fillId":26,"orderId":26,"instId":1001,"side":"Sell","px":99.95493151124332,"qty":10}}
{"cat":"ORDER","data":{"ts":"2026-01-11T14:39:21.2048962Z","type":"OrderSubmit","orderId":27,"instId":1001,"side":"Buy","px":99.80701259973321,"qty":10}}
{"cat":"FILL","data":{"ts":"2026-01-11T14:39:21.2049815Z","fillId":27,"orderId":27,"instId":1001,"side":"Buy","px":99.80701259973321,"qty":10}}
{"cat":"ORDER","data":{"ts":"2026-01-11T14:39:21.2050137Z","type":"OrderSubmit","orderId":28,"instId":1001,"side":"Sell","px":99.9070125997332,"qty":10}}
{"cat":"FILL","data":{"ts":"2026-01-11T14:39:21.2050529Z","fillId":28,"orderId":28,"instId":1001,"side":"Sell","px":99.9070125997332,"qty":10}}
{"cat":"ORDER","data":{"ts":"2026-01-11T14:39:21.3128542Z","type":"OrderSubmit","orderId":29,"instId":1001,"side":"Buy","px":99.77049595996296,"qty":10}}
{"cat":"ORDER","data":{"ts":"2026-01-11T14:39:21.3129102Z","type":"OrderSubmit","orderId":30,"instId":1001,"side":"Sell","px":99.87049595996295,"qty":10}}
{"cat":"FILL","data":{"ts":"2026-01-11T14:39:21.3129546Z","fillId":29,"orderId":29,"instId":1001,"side":"Buy","px":99.77049595996296,"qty":10}}
{"cat":"FILL","data":{"ts":"2026-01-11T14:39:21.3129851Z","fillId":30,"orderId":30,"instId":1001,"side":"Sell","px":99.87049595996295,"qty":10}}
{"cat":"ORDER","data":{"ts":"2026-01-11T14:39:21.4293002Z","type":"OrderSubmit","orderId":31,"instId":1001,"side":"Buy","px":99.79457913331902,"qty":10}}
{"cat":"ORDER","data":{"ts":"2026-01-11T14:39:21.4293561Z","type":"OrderSubmit","orderId":32,"instId":1001,"side":"Sell","px":99.89457913331901,"qty":10}}
{"cat":"FILL","data":{"ts":"2026-01-11T14:39:21.4293629Z","fillId":31,"orderId":31,"instId":1001,"side":"Buy","px":99.79457913331902,"qty":10}}
{"cat":"FILL","data":{"ts":"2026-01-11T14:39:21.4293985Z","fillId":32,"orderId":32,"instId":1001,"side":"Sell","px":99.89457913331901,"qty":10}}
{"cat":"ORDER","data":{"ts":"2026-01-11T14:39:21.5298075Z","type":"OrderSubmit","orderId":33,"instId":1001,"side":"Buy","px":99.76408824010943,"qty":10}}
{"cat":"ORDER","data":{"ts":"2026-01-11T14:39:21.5298693Z","type":"OrderSubmit","orderId":34,"instId":1001,"side":"Sell","px":99.86408824010942,"qty":10}}
{"cat":"FILL","data":{"ts":"2026-01-11T14:39:21.5446741Z","fillId":33,"orderId":33,"instId":1001,"side":"Buy","px":99.76408824010943,"qty":10}}
{"cat":"FILL","data":{"ts":"2026-01-11T14:39:21.5447490Z","fillId":34,"orderId":34,"instId":1001,"side":"Sell","px":99.86408824010942,"qty":10}}
{"cat":"ORDER","data":{"ts":"2026-01-11T14:39:21.6317058Z","type":"OrderSubmit","orderId":35,"instId":1001,"side":"Buy","px":99.80279219669886,"qty":10}}
{"cat":"FILL","data":{"ts":"2026-01-11T14:39:21.6317055Z","fillId":35,"orderId":35,"instId":1001,"side":"Buy","px":99.80279219669886,"qty":10}}
{"cat":"ORDER","data":{"ts":"2026-01-11T14:39:21.6317588Z","type":"OrderSubmit","orderId":36,"instId":1001,"side":"Sell","px":99.90279219669885,"qty":10}}
{"cat":"FILL","data":{"ts":"2026-01-11T14:39:21.6317801Z","fillId":36,"orderId":36,"instId":1001,"side":"Sell","px":99.90279219669885,"qty":10}}
{"cat":"ORDER","data":{"ts":"2026-01-11T14:39:21.7460924Z","type":"OrderSubmit","orderId":37,"instId":1001,"side":"Buy","px":99.83890225805291,"qty":10}}
{"cat":"FILL","data":{"ts":"2026-01-11T14:39:21.7461436Z","fillId":37,"orderId":37,"instId":1001,"side":"Buy","px":99.83890225805291,"qty":10}}
{"cat":"ORDER","data":{"ts":"2026-01-11T14:39:21.7461583Z","type":"OrderSubmit","orderId":38,"instId":1001,"side":"Sell","px":99.9389022580529,"qty":10}}
{"cat":"FILL","data":{"ts":"2026-01-11T14:39:21.7461723Z","fillId":38,"orderId":38,"instId":1001,"side":"Sell","px":99.9389022580529,"qty":10}}
{"cat":"ORDER","data":{"ts":"2026-01-11T14:39:21.8550096Z","type":"OrderSubmit","orderId":39,"instId":1001,"side":"Buy","px":99.82478876443338,"qty":10}}
{"cat":"ORDER","data":{"ts":"2026-01-11T14:39:21.8550746Z","type":"OrderSubmit","orderId":40,"instId":1001,"side":"Sell","px":99.92478876443337,"qty":10}}
{"cat":"FILL","data":{"ts":"2026-01-11T14:39:21.8630494Z","fillId":39,"orderId":39,"instId":1001,"side":"Buy","px":99.82478876443338,"qty":10}}
{"cat":"FILL","data":{"ts":"2026-01-11T14:39:21.8631123Z","fillId":40,"orderId":40,"instId":1001,"side":"Sell","px":99.92478876443337,"qty":10}}
{"cat":"ORDER","data":{"ts":"2026-01-11T14:39:21.9680844Z","type":"OrderSubmit","orderId":41,"instId":1001,"side":"Buy","px":99.78515899045634,"qty":10}}
{"cat":"ORDER","data":{"ts":"2026-01-11T14:39:21.9681590Z","type":"OrderSubmit","orderId":42,"instId":1001,"side":"Sell","px":99.88515899045633,"qty":10}}
{"cat":"FILL","data":{"ts":"2026-01-11T14:39:21.9821224Z","fillId":41,"orderId":41,"instId":1001,"side":"Buy","px":99.78515899045634,"qty":10}}
{"cat":"FILL","data":{"ts":"2026-01-11T14:39:21.9821877Z","fillId":42,"orderId":42,"instId":1001,"side":"Sell","px":99.88515899045633,"qty":10}}
{"cat":"ORDER","data":{"ts":"2026-01-11T14:39:22.0572536Z","type":"OrderSubmit","orderId":43,"instId":1001,"side":"Buy","px":99.78811729561451,"qty":10}}
{"cat":"ORDER","data":{"ts":"2026-01-11T14:39:22.0573337Z","type":"OrderSubmit","orderId":44,"instId":1001,"side":"Sell","px":99.8881172956145,"qty":10}}
{"cat":"FILL","data":{"ts":"2026-01-11T14:39:22.0622800Z","fillId":43,"orderId":43,"instId":1001,"side":"Buy","px":99.78811729561451,"qty":10}}
{"cat":"FILL","data":{"ts":"2026-01-11T14:39:22.0623365Z","fillId":44,"orderId":44,"instId":1001,"side":"Sell","px":99.8881172956145,"qty":10}}
{"cat":"ORDER","data":{"ts":"2026-01-11T14:39:22.1804300Z","type":"OrderSubmit","orderId":45,"instId":1001,"side":"Buy","px":99.77399279730116,"qty":10}}
{"cat":"ORDER","data":{"ts":"2026-01-11T14:39:22.1805169Z","type":"OrderSubmit","orderId":46,"instId":1001,"side":"Sell","px":99.87399279730116,"qty":10}}
{"cat":"FILL","data":{"ts":"2026-01-11T14:39:22.1954823Z","fillId":45,"orderId":45,"instId":1001,"side":"Buy","px":99.77399279730116,"qty":10}}
{"cat":"FILL","data":{"ts":"2026-01-11T14:39:22.1955619Z","fillId":46,"orderId":46,"instId":1001,"side":"Sell","px":99.87399279730116,"qty":10}}
{"cat":"ORDER","data":{"ts":"2026-01-11T14:39:22.2814053Z","type":"OrderSubmit","orderId":47,"instId":1001,"side":"Buy","px":99.7947433454193,"qty":10}}
{"cat":"ORDER","data":{"ts":"2026-01-11T14:39:22.2814459Z","type":"OrderSubmit","orderId":48,"instId":1001,"side":"Sell","px":99.8947433454193,"qty":10}}
{"cat":"FILL","data":{"ts":"2026-01-11T14:39:22.2882680Z","fillId":47,"orderId":47,"instId":1001,"side":"Buy","px":99.7947433454193,"qty":10}}
{"cat":"FILL","data":{"ts":"2026-01-11T14:39:22.2883160Z","fillId":48,"orderId":48,"instId":1001,"side":"Sell","px":99.8947433454193,"qty":10}}
{"cat":"ORDER","data":{"ts":"2026-01-11T14:39:22.3974054Z","type":"OrderSubmit","orderId":49,"instId":1001,"side":"Buy","px":99.80279082860929,"qty":10}}
{"cat":"ORDER","data":{"ts":"2026-01-11T14:39:22.3974981Z","type":"OrderSubmit","orderId":50,"instId":1001,"side":"Sell","px":99.90279082860928,"qty":10}}
{"cat":"FILL","data":{"ts":"2026-01-11T14:39:22.4040896Z","fillId":49,"orderId":49,"instId":1001,"side":"Buy","px":99.80279082860929,"qty":10}}
{"cat":"FILL","data":{"ts":"2026-01-11T14:39:22.4041253Z","fillId":50,"orderId":50,"instId":1001,"side":"Sell","px":99.90279082860928,"qty":10}}
{"cat":"ORDER","data":{"ts":"2026-01-11T14:39:22.4979047Z","type":"OrderSubmit","orderId":51,"instId":1001,"side":"Buy","px":99.8148456608713,"qty":10}}
{"cat":"ORDER","data":{"ts":"2026-01-11T14:39:22.4979583Z","type":"OrderSubmit","orderId":52,"instId":1001,"side":"Sell","px":99.9148456608713,"qty":10}}
{"cat":"FILL","data":{"ts":"2026-01-11T14:39:22.4979591Z","fillId":51,"orderId":51,"instId":1001,"side":"Buy","px":99.8148456608713,"qty":10}}
{"cat":"FILL","data":{"ts":"2026-01-11T14:39:22.4979902Z","fillId":52,"orderId":52,"instId":1001,"side":"Sell","px":99.9148456608713,"qty":10}}
{"cat":"ORDER","data":{"ts":"2026-01-11T14:39:22.5978920Z","type":"OrderSubmit","orderId":53,"instId":1001,"side":"Buy","px":99.83809532403858,"qty":10}}
{"cat":"FILL","data":{"ts":"2026-01-11T14:39:22.5978936Z","fillId":53,"orderId":53,"instId":1001,"side":"Buy","px":99.83809532403858,"qty":10}}
{"cat":"ORDER","data":{"ts":"2026-01-11T14:39:22.5979395Z","type":"OrderSubmit","orderId":54,"instId":1001,"side":"Sell","px":99.93809532403857,"qty":10}}
{"cat":"FILL","data":{"ts":"2026-01-11T14:39:22.5979570Z","fillId":54,"orderId":54,"instId":1001,"side":"Sell","px":99.93809532403857,"qty":10}}
{"cat":"ORDER","data":{"ts":"2026-01-11T14:39:22.7128840Z","type":"OrderSubmit","orderId":55,"instId":1001,"side":"Buy","px":99.86288359803748,"qty":10}}
{"cat":"ORDER","data":{"ts":"2026-01-11T14:39:22.7129426Z","type":"OrderSubmit","orderId":56,"instId":1001,"side":"Sell","px":99.96288359803748,"qty":10}}
{"cat":"FILL","data":{"ts":"2026-01-11T14:39:22.7212061Z","fillId":55,"orderId":55,"instId":1001,"side":"Buy","px":99.86288359803748,"qty":10}}
{"cat":"FILL","data":{"ts":"2026-01-11T14:39:22.7212690Z","fillId":56,"orderId":56,"instId":1001,"side":"Sell","px":99.96288359803748,"qty":10}}
{"cat":"ORDER","data":{"ts":"2026-01-11T14:39:22.8459077Z","type":"OrderSubmit","orderId":57,"instId":1001,"side":"Buy","px":99.85250870410937,"qty":10}}
{"cat":"ORDER","data":{"ts":"2026-01-11T14:39:22.8459690Z","type":"OrderSubmit","orderId":58,"instId":1001,"side":"Sell","px":99.95250870410936,"qty":10}}
{"cat":"FILL","data":{"ts":"2026-01-11T14:39:22.8610039Z","fillId":57,"orderId":57,"instId":1001,"side":"Buy","px":99.85250870410937,"qty":10}}
{"cat":"FILL","data":{"ts":"2026-01-11T14:39:22.8610583Z","fillId":58,"orderId":58,"instId":1001,"side":"Sell","px":99.95250870410936,"qty":10}}
{"cat":"ORDER","data":{"ts":"2026-01-11T14:39:22.9381289Z","type":"OrderSubmit","orderId":59,"instId":1001,"side":"Buy","px":99.82703442809967,"qty":10}}
{"cat":"ORDER","data":{"ts":"2026-01-11T14:39:22.9381893Z","type":"OrderSubmit","orderId":60,"instId":1001,"side":"Sell","px":99.92703442809966,"qty":10}}
{"cat":"FILL","data":{"ts":"2026-01-11T14:39:22.9527312Z","fillId":59,"orderId":59,"instId":1001,"side":"Buy","px":99.82703442809967,"qty":10}}
{"cat":"FILL","data":{"ts":"2026-01-11T14:39:22.9528097Z","fillId":60,"orderId":60,"instId":1001,"side":"Sell","px":99.92703442809966,"qty":10}}
{"cat":"ORDER","data":{"ts":"2026-01-11T14:39:23.0576189Z","type":"OrderSubmit","orderId":61,"instId":1001,"side":"Buy","px":99.84566893533137,"qty":10}}
{"cat":"FILL","data":{"ts":"2026-01-11T14:39:23.0576656Z","fillId":61,"orderId":61,"instId":1001,"side":"Buy","px":99.84566893533137,"qty":10}}
{"cat":"ORDER","data":{"ts":"2026-01-11T14:39:23.0577899Z","type":"OrderSubmit","orderId":62,"instId":1001,"side":"Sell","px":99.94566893533137,"qty":10}}
{"cat":"FILL","data":{"ts":"2026-01-11T14:39:23.0729480Z","fillId":62,"orderId":62,"instId":1001,"side":"Sell","px":99.94566893533137,"qty":10}}
{"cat":"ORDER","data":{"ts":"2026-01-11T14:39:23.1544804Z","type":"OrderSubmit","orderId":63,"instId":1001,"side":"Buy","px":99.81672355470562,"qty":10}}
{"cat":"ORDER","data":{"ts":"2026-01-11T14:39:23.1546123Z","type":"OrderSubmit","orderId":64,"instId":1001,"side":"Sell","px":99.91672355470561,"qty":10}}
{"cat":"FILL","data":{"ts":"2026-01-11T14:39:23.1625808Z","fillId":63,"orderId":63,"instId":1001,"side":"Buy","px":99.81672355470562,"qty":10}}
{"cat":"FILL","data":{"ts":"2026-01-11T14:39:23.1626361Z","fillId":64,"orderId":64,"instId":1001,"side":"Sell","px":99.91672355470561,"qty":10}}
{"cat":"ORDER","data":{"ts":"2026-01-11T14:39:23.2586630Z","type":"OrderSubmit","orderId":65,"instId":1001,"side":"Buy","px":99.81847731336882,"qty":10}}
{"cat":"ORDER","data":{"ts":"2026-01-11T14:39:23.2587100Z","type":"OrderSubmit","orderId":66,"instId":1001,"side":"Sell","px":99.91847731336881,"qty":10}}
{"cat":"FILL","data":{"ts":"2026-01-11T14:39:23.2624715Z","fillId":65,"orderId":65,"instId":1001,"side":"Buy","px":99.81847731336882,"qty":10}}
{"cat":"FILL","data":{"ts":"2026-01-11T14:39:23.2625336Z","fillId":66,"orderId":66,"instId":1001,"side":"Sell","px":99.91847731336881,"qty":10}}
{"cat":"ORDER","data":{"ts":"2026-01-11T14:39:23.3679594Z","type":"OrderSubmit","orderId":67,"instId":1001,"side":"Buy","px":99.81701640988096,"qty":10}}
{"cat":"ORDER","data":{"ts":"2026-01-11T14:39:23.3680087Z","type":"OrderSubmit","orderId":68,"instId":1001,"side":"Sell","px":99.91701640988096,"qty":10}}
{"cat":"FILL","data":{"ts":"2026-01-11T14:39:23.3680570Z","fillId":67,"orderId":67,"instId":1001,"side":"Buy","px":99.81701640988096,"qty":10}}
{"cat":"FILL","data":{"ts":"2026-01-11T14:39:23.3680897Z","fillId":68,"orderId":68,"instId":1001,"side":"Sell","px":99.91701640988096,"qty":10}}
{"cat":"ORDER","data":{"ts":"2026-01-11T14:39:23.4794531Z","type":"OrderSubmit","orderId":69,"instId":1001,"side":"Buy","px":99.79229695517212,"qty":10}}
{"cat":"ORDER","data":{"ts":"2026-01-11T14:39:23.4795265Z","type":"OrderSubmit","orderId":70,"instId":1001,"side":"Sell","px":99.89229695517211,"qty":10}}
{"cat":"FILL","data":{"ts":"2026-01-11T14:39:23.4815453Z","fillId":69,"orderId":69,"instId":1001,"side":"Buy","px":99.79229695517212,"qty":10}}
{"cat":"FILL","data":{"ts":"2026-01-11T14:39:23.4816049Z","fillId":70,"orderId":70,"instId":1001,"side":"Sell","px":99.89229695517211,"qty":10}}
{"cat":"ORDER","data":{"ts":"2026-01-11T14:39:23.5898811Z","type":"OrderSubmit","orderId":71,"instId":1001,"side":"Buy","px":99.81937484008698,"qty":10}}
{"cat":"ORDER","data":{"ts":"2026-01-11T14:39:23.5899948Z","type":"OrderSubmit","orderId":72,"instId":1001,"side":"Sell","px":99.91937484008697,"qty":10}}
{"cat":"FILL","data":{"ts":"2026-01-11T14:39:23.5900245Z","fillId":71,"orderId":71,"instId":1001,"side":"Buy","px":99.81937484008698,"qty":10}}
{"cat":"FILL","data":{"ts":"2026-01-11T14:39:23.5901360Z","fillId":72,"orderId":72,"instId":1001,"side":"Sell","px":99.91937484008697,"qty":10}}
{"cat":"ORDER","data":{"ts":"2026-01-11T14:39:23.6873579Z","type":"OrderSubmit","orderId":73,"instId":1001,"side":"Buy","px":99.76963273401822,"qty":10}}
{"cat":"ORDER","data":{"ts":"2026-01-11T14:39:23.6873957Z","type":"OrderSubmit","orderId":74,"instId":1001,"side":"Sell","px":99.86963273401821,"qty":10}}
{"cat":"FILL","data":{"ts":"2026-01-11T14:39:23.6874083Z","fillId":73,"orderId":73,"instId":1001,"side":"Buy","px":99.76963273401822,"qty":10}}
{"cat":"FILL","data":{"ts":"2026-01-11T14:39:23.6874356Z","fillId":74,"orderId":74,"instId":1001,"side":"Sell","px":99.86963273401821,"qty":10}}
{"cat":"ORDER","data":{"ts":"2026-01-11T14:39:23.7806285Z","type":"OrderSubmit","orderId":75,"instId":1001,"side":"Buy","px":99.76802394544615,"qty":10}}
{"cat":"ORDER","data":{"ts":"2026-01-11T14:39:23.7806731Z","type":"OrderSubmit","orderId":76,"instId":1001,"side":"Sell","px":99.86802394544614,"qty":10}}
{"cat":"FILL","data":{"ts":"2026-01-11T14:39:23.7888170Z","fillId":75,"orderId":75,"instId":1001,"side":"Buy","px":99.76802394544615,"qty":10}}
{"cat":"FILL","data":{"ts":"2026-01-11T14:39:23.7888415Z","fillId":76,"orderId":76,"instId":1001,"side":"Sell","px":99.86802394544614,"qty":10}}
{"cat":"ORDER","data":{"ts":"2026-01-11T14:39:23.8895646Z","type":"OrderSubmit","orderId":77,"instId":1001,"side":"Buy","px":99.76281973578168,"qty":10}}
{"cat":"ORDER","data":{"ts":"2026-01-11T14:39:23.8896227Z","type":"OrderSubmit","orderId":78,"instId":1001,"side":"Sell","px":99.86281973578167,"qty":10}}
{"cat":"FILL","data":{"ts":"2026-01-11T14:39:23.8960901Z","fillId":77,"orderId":77,"instId":1001,"side":"Buy","px":99.76281973578168,"qty":10}}
{"cat":"FILL","data":{"ts":"2026-01-11T14:39:23.8961347Z","fillId":78,"orderId":78,"instId":1001,"side":"Sell","px":99.86281973578167,"qty":10}}
{"cat":"ORDER","data":{"ts":"2026-01-11T14:39:24.0077265Z","type":"OrderSubmit","orderId":79,"instId":1001,"side":"Buy","px":99.76146577844,"qty":10}}
{"cat":"ORDER","data":{"ts":"2026-01-11T14:39:24.0077783Z","type":"OrderSubmit","orderId":80,"instId":1001,"side":"Sell","px":99.86146577843999,"qty":10}}
{"cat":"FILL","data":{"ts":"2026-01-11T14:39:24.0122695Z","fillId":79,"orderId":79,"instId":1001,"side":"Buy","px":99.76146577844,"qty":10}}
{"cat":"FILL","data":{"ts":"2026-01-11T14:39:24.0123107Z","fillId":80,"orderId":80,"instId":1001,"side":"Sell","px":99.86146577843999,"qty":10}}
{"cat":"ORDER","data":{"ts":"2026-01-11T14:39:24.1048564Z","type":"OrderSubmit","orderId":81,"instId":1001,"side":"Buy","px":99.78262351750519,"qty":10}}
{"cat":"FILL","data":{"ts":"2026-01-11T14:39:24.1048703Z","fillId":81,"orderId":81,"instId":1001,"side":"Buy","px":99.78262351750519,"qty":10}}
{"cat":"ORDER","data":{"ts":"2026-01-11T14:39:24.1049213Z","type":"OrderSubmit","orderId":82,"instId":1001,"side":"Sell","px":99.88262351750518,"qty":10}}
{"cat":"FILL","data":{"ts":"2026-01-11T14:39:24.1049840Z","fillId":82,"orderId":82,"instId":1001,"side":"Sell","px":99.88262351750518,"qty":10}}
{"cat":"FILL","data":{"ts":"2026-01-11T14:39:24.2424729Z","fillId":83,"orderId":83,"instId":1001,"side":"Buy","px":99.77774829008978,"qty":10}}
{"cat":"ORDER","data":{"ts":"2026-01-11T14:39:24.2424677Z","type":"OrderSubmit","orderId":83,"instId":1001,"side":"Buy","px":99.77774829008978,"qty":10}}
{"cat":"ORDER","data":{"ts":"2026-01-11T14:39:24.2425369Z","type":"OrderSubmit","orderId":84,"instId":1001,"side":"Sell","px":99.87774829008977,"qty":10}}
{"cat":"FILL","data":{"ts":"2026-01-11T14:39:24.2477674Z","fillId":84,"orderId":84,"instId":1001,"side":"Sell","px":99.87774829008977,"qty":10}}
{"cat":"ORDER","data":{"ts":"2026-01-11T14:39:24.3380430Z","type":"OrderSubmit","orderId":85,"instId":1001,"side":"Buy","px":99.75474352578388,"qty":10}}
{"cat":"ORDER","data":{"ts":"2026-01-11T14:39:24.3380930Z","type":"OrderSubmit","orderId":86,"instId":1001,"side":"Sell","px":99.85474352578387,"qty":10}}
{"cat":"FILL","data":{"ts":"2026-01-11T14:39:24.3380583Z","fillId":85,"orderId":85,"instId":1001,"side":"Buy","px":99.75474352578388,"qty":10}}
{"cat":"FILL","data":{"ts":"2026-01-11T14:39:24.3382660Z","fillId":86,"orderId":86,"instId":1001,"side":"Sell","px":99.85474352578387,"qty":10}}
{"cat":"ORDER","data":{"ts":"2026-01-11T14:39:24.4442318Z","type":"OrderSubmit","orderId":87,"instId":1001,"side":"Buy","px":99.73304757717207,"qty":10}}
{"cat":"ORDER","data":{"ts":"2026-01-11T14:39:24.4442953Z","type":"OrderSubmit","orderId":88,"instId":1001,"side":"Sell","px":99.83304757717207,"qty":10}}
{"cat":"FILL","data":{"ts":"2026-01-11T14:39:24.4601239Z","fillId":87,"orderId":87,"instId":1001,"side":"Buy","px":99.73304757717207,"qty":10}}
{"cat":"FILL","data":{"ts":"2026-01-11T14:39:24.4601760Z","fillId":88,"orderId":88,"instId":1001,"side":"Sell","px":99.83304757717207,"qty":10}}
{"cat":"ORDER","data":{"ts":"2026-01-11T14:39:24.5455468Z","type":"OrderSubmit","orderId":89,"instId":1001,"side":"Buy","px":99.74657171589628,"qty":10}}
{"cat":"ORDER","data":{"ts":"2026-01-11T14:39:24.5457676Z","type":"OrderSubmit","orderId":90,"instId":1001,"side":"Sell","px":99.84657171589627,"qty":10}}
{"cat":"FILL","data":{"ts":"2026-01-11T14:39:24.5607464Z","fillId":89,"orderId":89,"instId":1001,"side":"Buy","px":99.74657171589628,"qty":10}}
{"cat":"FILL","data":{"ts":"2026-01-11T14:39:24.5608028Z","fillId":90,"orderId":90,"instId":1001,"side":"Sell","px":99.84657171589627,"qty":10}}
{"cat":"ORDER","data":{"ts":"2026-01-11T14:39:24.6558848Z","type":"OrderSubmit","orderId":91,"instId":1001,"side":"Buy","px":99.726049580507,"qty":10}}
{"cat":"ORDER","data":{"ts":"2026-01-11T14:39:24.6559485Z","type":"OrderSubmit","orderId":92,"instId":1001,"side":"Sell","px":99.82604958050699,"qty":10}}
{"cat":"FILL","data":{"ts":"2026-01-11T14:39:24.6558956Z","fillId":91,"orderId":91,"instId":1001,"side":"Buy","px":99.726049580507,"qty":10}}
{"cat":"FILL","data":{"ts":"2026-01-11T14:39:24.6559750Z","fillId":92,"orderId":92,"instId":1001,"side":"Sell","px":99.82604958050699,"qty":10}}
{"cat":"ORDER","data":{"ts":"2026-01-11T14:39:24.7710183Z","type":"OrderSubmit","orderId":93,"instId":1001,"side":"Buy","px":99.71300294013368,"qty":10}}
{"cat":"ORDER","data":{"ts":"2026-01-11T14:39:24.7710678Z","type":"OrderSubmit","orderId":94,"instId":1001,"side":"Sell","px":99.81300294013367,"qty":10}}
{"cat":"FILL","data":{"ts":"2026-01-11T14:39:24.7804158Z","fillId":93,"orderId":93,"instId":1001,"side":"Buy","px":99.71300294013368,"qty":10}}
{"cat":"FILL","data":{"ts":"2026-01-11T14:39:24.7804646Z","fillId":94,"orderId":94,"instId":1001,"side":"Sell","px":99.81300294013367,"qty":10}}
{"cat":"ORDER","data":{"ts":"2026-01-11T14:39:24.8707733Z","type":"OrderSubmit","orderId":95,"instId":1001,"side":"Buy","px":99.74827100778849,"qty":10}}
{"cat":"ORDER","data":{"ts":"2026-01-11T14:39:24.8708165Z","type":"OrderSubmit","orderId":96,"instId":1001,"side":"Sell","px":99.84827100778848,"qty":10}}
{"cat":"FILL","data":{"ts":"2026-01-11T14:39:24.8707752Z","fillId":95,"orderId":95,"instId":1001,"side":"Buy","px":99.74827100778849,"qty":10}}
{"cat":"FILL","data":{"ts":"2026-01-11T14:39:24.8708313Z","fillId":96,"orderId":96,"instId":1001,"side":"Sell","px":99.84827100778848,"qty":10}}
{"cat":"ORDER","data":{"ts":"2026-01-11T14:39:24.9851302Z","type":"OrderSubmit","orderId":97,"instId":1001,"side":"Buy","px":99.71583756418704,"qty":10}}
{"cat":"ORDER","data":{"ts":"2026-01-11T14:39:24.9851904Z","type":"OrderSubmit","orderId":98,"instId":1001,"side":"Sell","px":99.81583756418704,"qty":10}}
{"cat":"FILL","data":{"ts":"2026-01-11T14:39:24.9871527Z","fillId":97,"orderId":97,"instId":1001,"side":"Buy","px":99.71583756418704,"qty":10}}
{"cat":"FILL","data":{"ts":"2026-01-11T14:39:24.9871958Z","fillId":98,"orderId":98,"instId":1001,"side":"Sell","px":99.81583756418704,"qty":10}}
{"cat":"ORDER","data":{"ts":"2026-01-11T14:39:25.0872464Z","type":"OrderSubmit","orderId":99,"instId":1001,"side":"Buy","px":99.7510576199745,"qty":10}}
{"cat":"ORDER","data":{"ts":"2026-01-11T14:39:25.0873045Z","type":"OrderSubmit","orderId":100,"instId":1001,"side":"Sell","px":99.8510576199745,"qty":10}}
{"cat":"FILL","data":{"ts":"2026-01-11T14:39:25.0912473Z","fillId":99,"orderId":99,"instId":1001,"side":"Buy","px":99.7510576199745,"qty":10}}
{"cat":"FILL","data":{"ts":"2026-01-11T14:39:25.0912991Z","fillId":100,"orderId":100,"instId":1001,"side":"Sell","px":99.8510576199745,"qty":10}}
{"cat":"ORDER","data":{"ts":"2026-01-11T14:39:25.2101119Z","type":"OrderSubmit","orderId":101,"instId":1001,"side":"Buy","px":99.76549307753587,"qty":10}}
{"cat":"FILL","data":{"ts":"2026-01-11T14:39:25.2101491Z","fillId":101,"orderId":101,"instId":1001,"side":"Buy","px":99.76549307753587,"qty":10}}
{"cat":"ORDER","data":{"ts":"2026-01-11T14:39:25.2102318Z","type":"OrderSubmit","orderId":102,"instId":1001,"side":"Sell","px":99.86549307753586,"qty":10}}
{"cat":"FILL","data":{"ts":"2026-01-11T14:39:25.2102696Z","fillId":102,"orderId":102,"instId":1001,"side":"Sell","px":99.86549307753586,"qty":10}}
{"cat":"ORDER","data":{"ts":"2026-01-11T14:39:25.3038895Z","type":"OrderSubmit","orderId":103,"instId":1001,"side":"Buy","px":99.77707641898982,"qty":10}}
{"cat":"ORDER","data":{"ts":"2026-01-11T14:39:25.3039362Z","type":"OrderSubmit","orderId":104,"instId":1001,"side":"Sell","px":99.87707641898982,"qty":10}}
{"cat":"FILL","data":{"ts":"2026-01-11T14:39:25.3062611Z","fillId":103,"orderId":103,"instId":1001,"side":"Buy","px":99.77707641898982,"qty":10}}
{"cat":"FILL","data":{"ts":"2026-01-11T14:39:25.3062989Z","fillId":104,"orderId":104,"instId":1001,"side":"Sell","px":99.87707641898982,"qty":10}}
{"cat":"ORDER","data":{"ts":"2026-01-11T14:39:25.3984571Z","type":"OrderSubmit","orderId":105,"instId":1001,"side":"Buy","px":99.77122850253768,"qty":10}}
{"cat":"ORDER","data":{"ts":"2026-01-11T14:39:25.3985159Z","type":"OrderSubmit","orderId":106,"instId":1001,"side":"Sell","px":99.87122850253768,"qty":10}}
{"cat":"FILL","data":{"ts":"2026-01-11T14:39:25.4041384Z","fillId":105,"orderId":105,"instId":1001,"side":"Buy","px":99.77122850253768,"qty":10}}
{"cat":"FILL","data":{"ts":"2026-01-11T14:39:25.4041830Z","fillId":106,"orderId":106,"instId":1001,"side":"Sell","px":99.87122850253768,"qty":10}}
{"cat":"ORDER","data":{"ts":"2026-01-11T14:39:25.5040847Z","type":"OrderSubmit","orderId":107,"instId":1001,"side":"Buy","px":99.77089818684425,"qty":10}}
{"cat":"ORDER","data":{"ts":"2026-01-11T14:39:25.5041732Z","type":"OrderSubmit","orderId":108,"instId":1001,"side":"Sell","px":99.87089818684424,"qty":10}}
{"cat":"FILL","data":{"ts":"2026-01-11T14:39:25.5054216Z","fillId":107,"orderId":107,"instId":1001,"side":"Buy","px":99.77089818684425,"qty":10}}
{"cat":"FILL","data":{"ts":"2026-01-11T14:39:25.5054657Z","fillId":108,"orderId":108,"instId":1001,"side":"Sell","px":99.87089818684424,"qty":10}}
{"cat":"ORDER","data":{"ts":"2026-01-11T14:39:25.6122649Z","type":"OrderSubmit","orderId":109,"instId":1001,"side":"Buy","px":99.72390854033823,"qty":10}}
{"cat":"ORDER","data":{"ts":"2026-01-11T14:39:25.6123346Z","type":"OrderSubmit","orderId":110,"instId":1001,"side":"Sell","px":99.82390854033822,"qty":10}}
{"cat":"FILL","data":{"ts":"2026-01-11T14:39:25.6209146Z","fillId":109,"orderId":109,"instId":1001,"side":"Buy","px":99.72390854033823,"qty":10}}
{"cat":"FILL","data":{"ts":"2026-01-11T14:39:25.6209744Z","fillId":110,"orderId":110,"instId":1001,"side":"Sell","px":99.82390854033822,"qty":10}}
{"cat":"FILL","data":{"ts":"2026-01-11T14:39:25.7119160Z","fillId":111,"orderId":111,"instId":1001,"side":"Buy","px":99.72762492866144,"qty":10}}
{"cat":"ORDER","data":{"ts":"2026-01-11T14:39:25.7119093Z","type":"OrderSubmit","orderId":111,"instId":1001,"side":"Buy","px":99.72762492866144,"qty":10}}
{"cat":"ORDER","data":{"ts":"2026-01-11T14:39:25.7119965Z","type":"OrderSubmit","orderId":112,"instId":1001,"side":"Sell","px":99.82762492866144,"qty":10}}
{"cat":"FILL","data":{"ts":"2026-01-11T14:39:25.7205372Z","fillId":112,"orderId":112,"instId":1001,"side":"Sell","px":99.82762492866144,"qty":10}}
{"cat":"ORDER","data":{"ts":"2026-01-11T14:39:25.8363494Z","type":"OrderSubmit","orderId":113,"instId":1001,"side":"Buy","px":99.74876537786272,"qty":10}}
{"cat":"ORDER","data":{"ts":"2026-01-11T14:39:25.8363964Z","type":"OrderSubmit","orderId":114,"instId":1001,"side":"Sell","px":99.84876537786272,"qty":10}}
{"cat":"FILL","data":{"ts":"2026-01-11T14:39:25.8453870Z","fillId":113,"orderId":113,"instId":1001,"side":"Buy","px":99.74876537786272,"qty":10}}
{"cat":"FILL","data":{"ts":"2026-01-11T14:39:25.8454395Z","fillId":114,"orderId":114,"instId":1001,"side":"Sell","px":99.84876537786272,"qty":10}}
{"cat":"ORDER","data":{"ts":"2026-01-11T14:39:25.9292217Z","type":"OrderSubmit","orderId":115,"instId":1001,"side":"Buy","px":99.70549134325957,"qty":10}}
{"cat":"ORDER","data":{"ts":"2026-01-11T14:39:25.9292800Z","type":"OrderSubmit","orderId":116,"instId":1001,"side":"Sell","px":99.80549134325956,"qty":10}}
{"cat":"FILL","data":{"ts":"2026-01-11T14:39:25.9446928Z","fillId":115,"orderId":115,"instId":1001,"side":"Buy","px":99.70549134325957,"qty":10}}
{"cat":"FILL","data":{"ts":"2026-01-11T14:39:25.9447561Z","fillId":116,"orderId":116,"instId":1001,"side":"Sell","px":99.80549134325956,"qty":10}}
{"cat":"ORDER","data":{"ts":"2026-01-11T14:39:26.0288814Z","type":"OrderSubmit","orderId":117,"instId":1001,"side":"Buy","px":99.74855778694551,"qty":10}}
{"cat":"ORDER","data":{"ts":"2026-01-11T14:39:26.0289588Z","type":"OrderSubmit","orderId":118,"instId":1001,"side":"Sell","px":99.8485577869455,"qty":10}}
{"cat":"FILL","data":{"ts":"2026-01-11T14:39:26.0442845Z","fillId":117,"orderId":117,"instId":1001,"side":"Buy","px":99.74855778694551,"qty":10}}
{"cat":"FILL","data":{"ts":"2026-01-11T14:39:26.0443455Z","fillId":118,"orderId":118,"instId":1001,"side":"Sell","px":99.8485577869455,"qty":10}}
{"cat":"ORDER","data":{"ts":"2026-01-11T14:39:26.1445030Z","type":"OrderSubmit","orderId":119,"instId":1001,"side":"Buy","px":99.71625201053277,"qty":10}}
{"cat":"ORDER","data":{"ts":"2026-01-11T14:39:26.1445667Z","type":"OrderSubmit","orderId":120,"instId":1001,"side":"Sell","px":99.81625201053276,"qty":10}}
{"cat":"FILL","data":{"ts":"2026-01-11T14:39:26.1542188Z","fillId":119,"orderId":119,"instId":1001,"side":"Buy","px":99.71625201053277,"qty":10}}
{"cat":"FILL","data":{"ts":"2026-01-11T14:39:26.1543186Z","fillId":120,"orderId":120,"instId":1001,"side":"Sell","px":99.81625201053276,"qty":10}}
{"cat":"ORDER","data":{"ts":"2026-01-11T14:39:26.2553385Z","type":"OrderSubmit","orderId":121,"instId":1001,"side":"Buy","px":99.67573317646782,"qty":10}}
{"cat":"ORDER","data":{"ts":"2026-01-11T14:39:26.2554355Z","type":"OrderSubmit","orderId":122,"instId":1001,"side":"Sell","px":99.77573317646781,"qty":10}}
{"cat":"FILL","data":{"ts":"2026-01-11T14:39:26.2651487Z","fillId":121,"orderId":121,"instId":1001,"side":"Buy","px":99.67573317646782,"qty":10}}
{"cat":"FILL","data":{"ts":"2026-01-11T14:39:26.2652155Z","fillId":122,"orderId":122,"instId":1001,"side":"Sell","px":99.77573317646781,"qty":10}}
{"cat":"ORDER","data":{"ts":"2026-01-11T14:39:26.3620543Z","type":"OrderSubmit","orderId":123,"instId":1001,"side":"Buy","px":99.66754078199972,"qty":10}}
{"cat":"FILL","data":{"ts":"2026-01-11T14:39:26.3620760Z","fillId":123,"orderId":123,"instId":1001,"side":"Buy","px":99.66754078199972,"qty":10}}
{"cat":"FILL","data":{"ts":"2026-01-11T14:39:26.3621632Z","fillId":124,"orderId":124,"instId":1001,"side":"Sell","px":99.76754078199971,"qty":10}}
{"cat":"ORDER","data":{"ts":"2026-01-11T14:39:26.3621418Z","type":"OrderSubmit","orderId":124,"instId":1001,"side":"Sell","px":99.76754078199971,"qty":10}}
{"cat":"FILL","data":{"ts":"2026-01-11T14:39:26.4539400Z","fillId":125,"orderId":125,"instId":1001,"side":"Buy","px":99.65152873827681,"qty":10}}
{"cat":"ORDER","data":{"ts":"2026-01-11T14:39:26.4539373Z","type":"OrderSubmit","orderId":125,"instId":1001,"side":"Buy","px":99.65152873827681,"qty":10}}
{"cat":"ORDER","data":{"ts":"2026-01-11T14:39:26.4539993Z","type":"OrderSubmit","orderId":126,"instId":1001,"side":"Sell","px":99.7515287382768,"qty":10}}
{"cat":"FILL","data":{"ts":"2026-01-11T14:39:26.4686278Z","fillId":126,"orderId":126,"instId":1001,"side":"Sell","px":99.7515287382768,"qty":10}}
{"cat":"ORDER","data":{"ts":"2026-01-11T14:39:26.5766276Z","type":"OrderSubmit","orderId":127,"instId":1001,"side":"Buy","px":99.60302465076234,"qty":10}}
{"cat":"FILL","data":{"ts":"2026-01-11T14:39:26.5766722Z","fillId":127,"orderId":127,"instId":1001,"side":"Buy","px":99.60302465076234,"qty":10}}
{"cat":"ORDER","data":{"ts":"2026-01-11T14:39:26.5766991Z","type":"OrderSubmit","orderId":128,"instId":1001,"side":"Sell","px":99.70302465076233,"qty":10}}
{"cat":"FILL","data":{"ts":"2026-01-11T14:39:26.5767164Z","fillId":128,"orderId":128,"instId":1001,"side":"Sell","px":99.70302465076233,"qty":10}}
{"cat":"ORDER","data":{"ts":"2026-01-11T14:39:26.6788631Z","type":"OrderSubmit","orderId":129,"instId":1001,"side":"Buy","px":99.63499062863876,"qty":10}}
{"cat":"ORDER","data":{"ts":"2026-01-11T14:39:26.6789514Z","type":"OrderSubmit","orderId":130,"instId":1001,"side":"Sell","px":99.73499062863876,"qty":10}}
{"cat":"FILL","data":{"ts":"2026-01-11T14:39:26.6940850Z","fillId":129,"orderId":129,"instId":1001,"side":"Buy","px":99.63499062863876,"qty":10}}
{"cat":"FILL","data":{"ts":"2026-01-11T14:39:26.6941658Z","fillId":130,"orderId":130,"instId":1001,"side":"Sell","px":99.73499062863876,"qty":10}}
{"cat":"ORDER","data":{"ts":"2026-01-11T14:39:26.7953685Z","type":"OrderSubmit","orderId":131,"instId":1001,"side":"Buy","px":99.58696338149576,"qty":10}}
{"cat":"ORDER","data":{"ts":"2026-01-11T14:39:26.7954330Z","type":"OrderSubmit","orderId":132,"instId":1001,"side":"Sell","px":99.68696338149576,"qty":10}}
{"cat":"FILL","data":{"ts":"2026-01-11T14:39:26.8108690Z","fillId":131,"orderId":131,"instId":1001,"side":"Buy","px":99.58696338149576,"qty":10}}
{"cat":"FILL","data":{"ts":"2026-01-11T14:39:26.8109250Z","fillId":132,"orderId":132,"instId":1001,"side":"Sell","px":99.68696338149576,"qty":10}}
{"cat":"ORDER","data":{"ts":"2026-01-11T14:39:26.8999639Z","type":"OrderSubmit","orderId":133,"instId":1001,"side":"Buy","px":99.62392366715889,"qty":10}}
{"cat":"ORDER","data":{"ts":"2026-01-11T14:39:26.9000451Z","type":"OrderSubmit","orderId":134,"instId":1001,"side":"Sell","px":99.72392366715889,"qty":10}}
{"cat":"FILL","data":{"ts":"2026-01-11T14:39:26.9036035Z","fillId":133,"orderId":133,"instId":1001,"side":"Buy","px":99.62392366715889,"qty":10}}
{"cat":"FILL","data":{"ts":"2026-01-11T14:39:26.9036893Z","fillId":134,"orderId":134,"instId":1001,"side":"Sell","px":99.72392366715889,"qty":10}}
{"cat":"ORDER","data":{"ts":"2026-01-11T14:39:26.9951963Z","type":"OrderSubmit","orderId":135,"instId":1001,"side":"Buy","px":99.64698263215692,"qty":10}}
{"cat":"ORDER","data":{"ts":"2026-01-11T14:39:26.9952562Z","type":"OrderSubmit","orderId":136,"instId":1001,"side":"Sell","px":99.74698263215691,"qty":10}}
{"cat":"FILL","data":{"ts":"2026-01-11T14:39:27.0109160Z","fillId":135,"orderId":135,"instId":1001,"side":"Buy","px":99.64698263215692,"qty":10}}
{"cat":"FILL","data":{"ts":"2026-01-11T14:39:27.0109778Z","fillId":136,"orderId":136,"instId":1001,"side":"Sell","px":99.74698263215691,"qty":10}}
{"cat":"ORDER","data":{"ts":"2026-01-11T14:39:27.1223154Z","type":"OrderSubmit","orderId":137,"instId":1001,"side":"Buy","px":99.67378317535565,"qty":10}}
{"cat":"ORDER","data":{"ts":"2026-01-11T14:39:27.1223642Z","type":"OrderSubmit","orderId":138,"instId":1001,"side":"Sell","px":99.77378317535565,"qty":10}}
{"cat":"FILL","data":{"ts":"2026-01-11T14:39:27.1287907Z","fillId":137,"orderId":137,"instId":1001,"side":"Buy","px":99.67378317535565,"qty":10}}
{"cat":"FILL","data":{"ts":"2026-01-11T14:39:27.1290793Z","fillId":138,"orderId":138,"instId":1001,"side":"Sell","px":99.77378317535565,"qty":10}}
{"cat":"ORDER","data":{"ts":"2026-01-11T14:39:27.2255818Z","type":"OrderSubmit","orderId":139,"instId":1001,"side":"Buy","px":99.66018865067055,"qty":10}}
{"cat":"ORDER","data":{"ts":"2026-01-11T14:39:27.2256202Z","type":"OrderSubmit","orderId":140,"instId":1001,"side":"Sell","px":99.76018865067054,"qty":10}}
{"cat":"FILL","data":{"ts":"2026-01-11T14:39:27.2256144Z","fillId":139,"orderId":139,"instId":1001,"side":"Buy","px":99.66018865067055,"qty":10}}
{"cat":"FILL","data":{"ts":"2026-01-11T14:39:27.2256466Z","fillId":140,"orderId":140,"instId":1001,"side":"Sell","px":99.76018865067054,"qty":10}}
{"cat":"ORDER","data":{"ts":"2026-01-11T14:39:27.3286595Z","type":"OrderSubmit","orderId":141,"instId":1001,"side":"Buy","px":99.68401393009536,"qty":10}}
{"cat":"ORDER","data":{"ts":"2026-01-11T14:39:27.3287297Z","type":"OrderSubmit","orderId":142,"instId":1001,"side":"Sell","px":99.78401393009536,"qty":10}}
{"cat":"FILL","data":{"ts":"2026-01-11T14:39:27.3370707Z","fillId":141,"orderId":141,"instId":1001,"side":"Buy","px":99.68401393009536,"qty":10}}
{"cat":"FILL","data":{"ts":"2026-01-11T14:39:27.3371285Z","fillId":142,"orderId":142,"instId":1001,"side":"Sell","px":99.78401393009536,"qty":10}}
{"cat":"FILL","data":{"ts":"2026-01-11T14:39:27.4369588Z","fillId":143,"orderId":143,"instId":1001,"side":"Buy","px":99.70513182545785,"qty":10}}
{"cat":"ORDER","data":{"ts":"2026-01-11T14:39:27.4369559Z","type":"OrderSubmit","orderId":143,"instId":1001,"side":"Buy","px":99.70513182545785,"qty":10}}
{"cat":"ORDER","data":{"ts":"2026-01-11T14:39:27.4370367Z","type":"OrderSubmit","orderId":144,"instId":1001,"side":"Sell","px":99.80513182545785,"qty":10}}
{"cat":"FILL","data":{"ts":"2026-01-11T14:39:27.4522215Z","fillId":144,"orderId":144,"instId":1001,"side":"Sell","px":99.80513182545785,"qty":10}}
{"cat":"ORDER","data":{"ts":"2026-01-11T14:39:27.5370886Z","type":"OrderSubmit","orderId":145,"instId":1001,"side":"Buy","px":99.69903999171176,"qty":10}}
{"cat":"ORDER","data":{"ts":"2026-01-11T14:39:27.5371479Z","type":"OrderSubmit","orderId":146,"instId":1001,"side":"Sell","px":99.79903999171175,"qty":10}}
{"cat":"FILL","data":{"ts":"2026-01-11T14:39:27.5450858Z","fillId":145,"orderId":145,"instId":1001,"side":"Buy","px":99.69903999171176,"qty":10}}
{"cat":"FILL","data":{"ts":"2026-01-11T14:39:27.5451433Z","fillId":146,"orderId":146,"instId":1001,"side":"Sell","px":99.79903999171175,"qty":10}}
{"cat":"ORDER","data":{"ts":"2026-01-11T14:39:27.6370212Z","type":"OrderSubmit","orderId":147,"instId":1001,"side":"Buy","px":99.68650401040749,"qty":10}}
{"cat":"ORDER","data":{"ts":"2026-01-11T14:39:27.6370830Z","type":"OrderSubmit","orderId":148,"instId":1001,"side":"Sell","px":99.78650401040748,"qty":10}}
{"cat":"FILL","data":{"ts":"2026-01-11T14:39:27.6370936Z","fillId":147,"orderId":147,"instId":1001,"side":"Buy","px":99.68650401040749,"qty":10}}
{"cat":"FILL","data":{"ts":"2026-01-11T14:39:27.6371008Z","fillId":148,"orderId":148,"instId":1001,"side":"Sell","px":99.78650401040748,"qty":10}}
{"cat":"ORDER","data":{"ts":"2026-01-11T14:39:27.7701834Z","type":"OrderSubmit","orderId":149,"instId":1001,"side":"Buy","px":99.70123277772275,"qty":10}}
{"cat":"ORDER","data":{"ts":"2026-01-11T14:39:27.7702442Z","type":"OrderSubmit","orderId":150,"instId":1001,"side":"Sell","px":99.80123277772275,"qty":10}}
{"cat":"FILL","data":{"ts":"2026-01-11T14:39:27.7852117Z","fillId":149,"orderId":149,"instId":1001,"side":"Buy","px":99.70123277772275,"qty":10}}
{"cat":"FILL","data":{"ts":"2026-01-11T14:39:27.7853323Z","fillId":150,"orderId":150,"instId":1001,"side":"Sell","px":99.80123277772275,"qty":10}}
{"cat":"ORDER","data":{"ts":"2026-01-11T14:39:27.8705110Z","type":"OrderSubmit","orderId":151,"instId":1001,"side":"Buy","px":99.71647823116112,"qty":10}}
{"cat":"FILL","data":{"ts":"2026-01-11T14:39:27.8705426Z","fillId":151,"orderId":151,"instId":1001,"side":"Buy","px":99.71647823116112,"qty":10}}
{"cat":"ORDER","data":{"ts":"2026-01-11T14:39:27.8705944Z","type":"OrderSubmit","orderId":152,"instId":1001,"side":"Sell","px":99.81647823116111,"qty":10}}
{"cat":"FILL","data":{"ts":"2026-01-11T14:39:27.8706189Z","fillId":152,"orderId":152,"instId":1001,"side":"Sell","px":99.81647823116111,"qty":10}}
{"cat":"ORDER","data":{"ts":"2026-01-11T14:39:27.9637270Z","type":"OrderSubmit","orderId":153,"instId":1001,"side":"Buy","px":99.69244130062518,"qty":10}}
{"cat":"ORDER","data":{"ts":"2026-01-11T14:39:27.9637822Z","type":"OrderSubmit","orderId":154,"instId":1001,"side":"Sell","px":99.79244130062517,"qty":10}}
{"cat":"FILL","data":{"ts":"2026-01-11T14:39:27.9788508Z","fillId":153,"orderId":153,"instId":1001,"side":"Buy","px":99.69244130062518,"qty":10}}
{"cat":"FILL","data":{"ts":"2026-01-11T14:39:27.9789053Z","fillId":154,"orderId":154,"instId":1001,"side":"Sell","px":99.79244130062517,"qty":10}}
{"cat":"ORDER","data":{"ts":"2026-01-11T14:39:28.0873988Z","type":"OrderSubmit","orderId":155,"instId":1001,"side":"Buy","px":99.65001275092364,"qty":10}}
{"cat":"ORDER","data":{"ts":"2026-01-11T14:39:28.0875409Z","type":"OrderSubmit","orderId":156,"instId":1001,"side":"Sell","px":99.75001275092363,"qty":10}}
{"cat":"FILL","data":{"ts":"2026-01-11T14:39:28.1034155Z","fillId":155,"orderId":155,"instId":1001,"side":"Buy","px":99.65001275092364,"qty":10}}
{"cat":"FILL","data":{"ts":"2026-01-11T14:39:28.1034978Z","fillId":156,"orderId":156,"instId":1001,"side":"Sell","px":99.75001275092363,"qty":10}}
{"cat":"ORDER","data":{"ts":"2026-01-11T14:39:28.1913091Z","type":"OrderSubmit","orderId":157,"instId":1001,"side":"Buy","px":99.60723916031758,"qty":10}}
{"cat":"ORDER","data":{"ts":"2026-01-11T14:39:28.1913546Z","type":"OrderSubmit","orderId":158,"instId":1001,"side":"Sell","px":99.70723916031757,"qty":10}}
{"cat":"FILL","data":{"ts":"2026-01-11T14:39:28.2064724Z","fillId":157,"orderId":157,"instId":1001,"side":"Buy","px":99.60723916031758,"qty":10}}
{"cat":"FILL","data":{"ts":"2026-01-11T14:39:28.2065197Z","fillId":158,"orderId":158,"instId":1001,"side":"Sell","px":99.70723916031757,"qty":10}}
{"cat":"ORDER","data":{"ts":"2026-01-11T14:39:28.3000230Z","type":"OrderSubmit","orderId":159,"instId":1001,"side":"Buy","px":99.58580877889685,"qty":10}}
{"cat":"ORDER","data":{"ts":"2026-01-11T14:39:28.3000753Z","type":"OrderSubmit","orderId":160,"instId":1001,"side":"Sell","px":99.68580877889684,"qty":10}}
{"cat":"FILL","data":{"ts":"2026-01-11T14:39:28.3156773Z","fillId":159,"orderId":159,"instId":1001,"side":"Buy","px":99.58580877889685,"qty":10}}
{"cat":"FILL","data":{"ts":"2026-01-11T14:39:28.3157250Z","fillId":160,"orderId":160,"instId":1001,"side":"Sell","px":99.68580877889684,"qty":10}}
{"cat":"ORDER","data":{"ts":"2026-01-11T14:39:28.3943706Z","type":"OrderSubmit","orderId":161,"instId":1001,"side":"Buy","px":99.56091025153218,"qty":10}}
{"cat":"ORDER","data":{"ts":"2026-01-11T14:39:28.3944411Z","type":"OrderSubmit","orderId":162,"instId":1001,"side":"Sell","px":99.66091025153217,"qty":10}}
{"cat":"FILL","data":{"ts":"2026-01-11T14:39:28.4101441Z","fillId":161,"orderId":161,"instId":1001,"side":"Buy","px":99.56091025153218,"qty":10}}
{"cat":"FILL","data":{"ts":"2026-01-11T14:39:28.4101955Z","fillId":162,"orderId":162,"instId":1001,"side":"Sell","px":99.66091025153217,"qty":10}}
{"cat":"ORDER","data":{"ts":"2026-01-11T14:39:28.5099206Z","type":"OrderSubmit","orderId":163,"instId":1001,"side":"Buy","px":99.59889184704465,"qty":10}}
{"cat":"ORDER","data":{"ts":"2026-01-11T14:39:28.5099717Z","type":"OrderSubmit","orderId":164,"instId":1001,"side":"Sell","px":99.69889184704465,"qty":10}}
{"cat":"FILL","data":{"ts":"2026-01-11T14:39:28.5253625Z","fillId":163,"orderId":163,"instId":1001,"side":"Buy","px":99.59889184704465,"qty":10}}
{"cat":"FILL","data":{"ts":"2026-01-11T14:39:28.5254116Z","fillId":164,"orderId":164,"instId":1001,"side":"Sell","px":99.69889184704465,"qty":10}}
{"cat":"ORDER","data":{"ts":"2026-01-11T14:39:28.5956101Z","type":"OrderSubmit","orderId":165,"instId":1001,"side":"Buy","px":99.606113564645,"qty":10}}
{"cat":"ORDER","data":{"ts":"2026-01-11T14:39:28.5956821Z","type":"OrderSubmit","orderId":166,"instId":1001,"side":"Sell","px":99.706113564645,"qty":10}}
{"cat":"FILL","data":{"ts":"2026-01-11T14:39:28.6109962Z","fillId":165,"orderId":165,"instId":1001,"side":"Buy","px":99.606113564645,"qty":10}}
{"cat":"FILL","data":{"ts":"2026-01-11T14:39:28.6110484Z","fillId":166,"orderId":166,"instId":1001,"side":"Sell","px":99.706113564645,"qty":10}}
{"cat":"ORDER","data":{"ts":"2026-01-11T14:39:28.7116434Z","type":"OrderSubmit","orderId":167,"instId":1001,"side":"Buy","px":99.61051861492942,"qty":10}}
{"cat":"ORDER","data":{"ts":"2026-01-11T14:39:28.7116940Z","type":"OrderSubmit","orderId":168,"instId":1001,"side":"Sell","px":99.71051861492941,"qty":10}}
{"cat":"FILL","data":{"ts":"2026-01-11T14:39:28.7283632Z","fillId":167,"orderId":167,"instId":1001,"side":"Buy","px":99.61051861492942,"qty":10}}
{"cat":"FILL","data":{"ts":"2026-01-11T14:39:28.7284165Z","fillId":168,"orderId":168,"instId":1001,"side":"Sell","px":99.71051861492941,"qty":10}}
{"cat":"ORDER","data":{"ts":"2026-01-11T14:39:28.8276978Z","type":"OrderSubmit","orderId":169,"instId":1001,"side":"Buy","px":99.62060888135835,"qty":10}}
{"cat":"FILL","data":{"ts":"2026-01-11T14:39:28.8276992Z","fillId":169,"orderId":169,"instId":1001,"side":"Buy","px":99.62060888135835,"qty":10}}
{"cat":"ORDER","data":{"ts":"2026-01-11T14:39:28.8277346Z","type":"OrderSubmit","orderId":170,"instId":1001,"side":"Sell","px":99.72060888135834,"qty":10}}
{"cat":"FILL","data":{"ts":"2026-01-11T14:39:28.8277485Z","fillId":170,"orderId":170,"instId":1001,"side":"Sell","px":99.72060888135834,"qty":10}}
{"cat":"ORDER","data":{"ts":"2026-01-11T14:39:28.9284322Z","type":"OrderSubmit","orderId":171,"instId":1001,"side":"Buy","px":99.57766004713609,"qty":10}}
{"cat":"ORDER","data":{"ts":"2026-01-11T14:39:28.9284828Z","type":"OrderSubmit","orderId":172,"instId":1001,"side":"Sell","px":99.67766004713609,"qty":10}}
{"cat":"FILL","data":{"ts":"2026-01-11T14:39:28.9307930Z","fillId":171,"orderId":171,"instId":1001,"side":"Buy","px":99.57766004713609,"qty":10}}
{"cat":"FILL","data":{"ts":"2026-01-11T14:39:28.9308442Z","fillId":172,"orderId":172,"instId":1001,"side":"Sell","px":99.67766004713609,"qty":10}}
{"cat":"ORDER","data":{"ts":"2026-01-11T14:39:29.0366667Z","type":"OrderSubmit","orderId":173,"instId":1001,"side":"Buy","px":99.60456258296249,"qty":10}}
{"cat":"ORDER","data":{"ts":"2026-01-11T14:39:29.0367144Z","type":"OrderSubmit","orderId":174,"instId":1001,"side":"Sell","px":99.70456258296248,"qty":10}}
{"cat":"FILL","data":{"ts":"2026-01-11T14:39:29.0457874Z","fillId":173,"orderId":173,"instId":1001,"side":"Buy","px":99.60456258296249,"qty":10}}
{"cat":"FILL","data":{"ts":"2026-01-11T14:39:29.0458367Z","fillId":174,"orderId":174,"instId":1001,"side":"Sell","px":99.70456258296248,"qty":10}}
{"cat":"ORDER","data":{"ts":"2026-01-11T14:39:29.1450717Z","type":"OrderSubmit","orderId":175,"instId":1001,"side":"Buy","px":99.55664665731912,"qty":10}}
{"cat":"ORDER","data":{"ts":"2026-01-11T14:39:29.1451302Z","type":"OrderSubmit","orderId":176,"instId":1001,"side":"Sell","px":99.65664665731911,"qty":10}}
{"cat":"FILL","data":{"ts":"2026-01-11T14:39:29.1601407Z","fillId":175,"orderId":175,"instId":1001,"side":"Buy","px":99.55664665731912,"qty":10}}
{"cat":"FILL","data":{"ts":"2026-01-11T14:39:29.1601973Z","fillId":176,"orderId":176,"instId":1001,"side":"Sell","px":99.65664665731911,"qty":10}}
{"cat":"ORDER","data":{"ts":"2026-01-11T14:39:29.3507218Z","type":"OrderSubmit","orderId":177,"instId":1001,"side":"Buy","px":99.55217540033729,"qty":10}}
{"cat":"ORDER","data":{"ts":"2026-01-11T14:39:29.3507696Z","type":"OrderSubmit","orderId":178,"instId":1001,"side":"Sell","px":99.65217540033728,"qty":10}}
{"cat":"FILL","data":{"ts":"2026-01-11T14:39:29.3611949Z","fillId":177,"orderId":177,"instId":1001,"side":"Buy","px":99.55217540033729,"qty":10}}
{"cat":"FILL","data":{"ts":"2026-01-11T14:39:29.3613392Z","fillId":178,"orderId":178,"instId":1001,"side":"Sell","px":99.65217540033728,"qty":10}}
{"cat":"ORDER","data":{"ts":"2026-01-11T14:39:29.4290283Z","type":"OrderSubmit","orderId":179,"instId":1001,"side":"Buy","px":99.57373955730523,"qty":10}}
{"cat":"ORDER","data":{"ts":"2026-01-11T14:39:29.4290678Z","type":"OrderSubmit","orderId":180,"instId":1001,"side":"Sell","px":99.67373955730523,"qty":10}}
{"cat":"FILL","data":{"ts":"2026-01-11T14:39:29.4306993Z","fillId":179,"orderId":179,"instId":1001,"side":"Buy","px":99.57373955730523,"qty":10}}
{"cat":"FILL","data":{"ts":"2026-01-11T14:39:29.4307283Z","fillId":180,"orderId":180,"instId":1001,"side":"Sell","px":99.67373955730523,"qty":10}}
{"cat":"ORDER","data":{"ts":"2026-01-11T14:39:29.5450885Z","type":"OrderSubmit","orderId":181,"instId":1001,"side":"Buy","px":99.5296769930188,"qty":10}}
{"cat":"ORDER","data":{"ts":"2026-01-11T14:39:29.5451539Z","type":"OrderSubmit","orderId":182,"instId":1001,"side":"Sell","px":99.62967699301879,"qty":10}}
{"cat":"FILL","data":{"ts":"2026-01-11T14:39:29.5611490Z","fillId":181,"orderId":181,"instId":1001,"side":"Buy","px":99.5296769930188,"qty":10}}
{"cat":"FILL","data":{"ts":"2026-01-11T14:39:29.5612793Z","fillId":182,"orderId":182,"instId":1001,"side":"Sell","px":99.62967699301879,"qty":10}}
{"cat":"ORDER","data":{"ts":"2026-01-11T14:39:29.6392796Z","type":"OrderSubmit","orderId":183,"instId":1001,"side":"Buy","px":99.5732089215532,"qty":10}}
{"cat":"FILL","data":{"ts":"2026-01-11T14:39:29.6393152Z","fillId":183,"orderId":183,"instId":1001,"side":"Buy","px":99.5732089215532,"qty":10}}
{"cat":"ORDER","data":{"ts":"2026-01-11T14:39:29.6393258Z","type":"OrderSubmit","orderId":184,"instId":1001,"side":"Sell","px":99.6732089215532,"qty":10}}
{"cat":"FILL","data":{"ts":"2026-01-11T14:39:29.6393427Z","fillId":184,"orderId":184,"instId":1001,"side":"Sell","px":99.6732089215532,"qty":10}}
{"cat":"ORDER","data":{"ts":"2026-01-11T14:39:29.7391503Z","type":"OrderSubmit","orderId":185,"instId":1001,"side":"Buy","px":99.5785336892952,"qty":10}}
{"cat":"FILL","data":{"ts":"2026-01-11T14:39:29.7391854Z","fillId":185,"orderId":185,"instId":1001,"side":"Buy","px":99.5785336892952,"qty":10}}
{"cat":"FILL","data":{"ts":"2026-01-11T14:39:29.7392529Z","fillId":186,"orderId":186,"instId":1001,"side":"Sell","px":99.6785336892952,"qty":10}}
{"cat":"ORDER","data":{"ts":"2026-01-11T14:39:29.7392270Z","type":"OrderSubmit","orderId":186,"instId":1001,"side":"Sell","px":99.6785336892952,"qty":10}}
{"cat":"ORDER","data":{"ts":"2026-01-11T14:39:29.8481123Z","type":"OrderSubmit","orderId":187,"instId":1001,"side":"Buy","px":99.55563525604347,"qty":10}}
{"cat":"ORDER","data":{"ts":"2026-01-11T14:39:29.8481837Z","type":"OrderSubmit","orderId":188,"instId":1001,"side":"Sell","px":99.65563525604347,"qty":10}}
{"cat":"FILL","data":{"ts":"2026-01-11T14:39:29.8534290Z","fillId":187,"orderId":187,"instId":1001,"side":"Buy","px":99.55563525604347,"qty":10}}
{"cat":"FILL","data":{"ts":"2026-01-11T14:39:29.8534738Z","fillId":188,"orderId":188,"instId":1001,"side":"Sell","px":99.65563525604347,"qty":10}}
{"cat":"ORDER","data":{"ts":"2026-01-11T14:39:29.9618596Z","type":"OrderSubmit","orderId":189,"instId":1001,"side":"Buy","px":99.54480013276675,"qty":10}}
{"cat":"FILL","data":{"ts":"2026-01-11T14:39:29.9618705Z","fillId":189,"orderId":189,"instId":1001,"side":"Buy","px":99.54480013276675,"qty":10}}
{"cat":"FILL","data":{"ts":"2026-01-11T14:39:29.9619485Z","fillId":190,"orderId":190,"instId":1001,"side":"Sell","px":99.64480013276675,"qty":10}}
{"cat":"ORDER","data":{"ts":"2026-01-11T14:39:29.9619223Z","type":"OrderSubmit","orderId":190,"instId":1001,"side":"Sell","px":99.64480013276675,"qty":10}}
{"cat":"ORDER","data":{"ts":"2026-01-11T14:39:30.0534830Z","type":"OrderSubmit","orderId":191,"instId":1001,"side":"Buy","px":99.52415026630004,"qty":10}}
{"cat":"ORDER","data":{"ts":"2026-01-11T14:39:30.0535814Z","type":"OrderSubmit","orderId":192,"instId":1001,"side":"Sell","px":99.62415026630003,"qty":10}}
{"cat":"FILL","data":{"ts":"2026-01-11T14:39:30.0550230Z","fillId":191,"orderId":191,"instId":1001,"side":"Buy","px":99.52415026630004,"qty":10}}
{"cat":"FILL","data":{"ts":"2026-01-11T14:39:30.0550721Z","fillId":192,"orderId":192,"instId":1001,"side":"Sell","px":99.62415026630003,"qty":10}}
{"cat":"ORDER","data":{"ts":"2026-01-11T14:39:30.1542040Z","type":"OrderSubmit","orderId":193,"instId":1001,"side":"Buy","px":99.48528708260754,"qty":10}}
{"cat":"ORDER","data":{"ts":"2026-01-11T14:39:30.1542841Z","type":"OrderSubmit","orderId":194,"instId":1001,"side":"Sell","px":99.58528708260754,"qty":10}}
{"cat":"FILL","data":{"ts":"2026-01-11T14:39:30.1619051Z","fillId":193,"orderId":193,"instId":1001,"side":"Buy","px":99.48528708260754,"qty":10}}
{"cat":"FILL","data":{"ts":"2026-01-11T14:39:30.1619810Z","fillId":194,"orderId":194,"instId":1001,"side":"Sell","px":99.58528708260754,"qty":10}}
{"cat":"SYSTEM","data":{"ts":"2026-01-11T14:39:30.1698308Z","level":"INFO","comp":"ENGINE","msg":"Strategy loop stopped."}}
{"cat":"SYSTEM","data":{"ts":"2026-01-11T14:55:22.3581639Z","level":"INFO","comp":"ENGINE","msg":"Initializing components..."}}
{"cat":"SYSTEM","data":{"ts":"2026-01-11T14:55:22.3967604Z","level":"INFO","comp":"ENGINE","msg":"Transitioned to STANDBY."}}
{"cat":"SYSTEM","data":{"ts":"2026-01-11T14:55:22.4016905Z","level":"INFO","comp":"ENGINE","msg":"Transitioned to TRADING."}}
{"cat":"ORDER","data":{"ts":"2026-01-11T14:55:22.4067885Z","type":"OrderSubmit","orderId":1,"instId":1001,"side":"Buy","px":99.90667469348138,"qty":10}}
{"cat":"ORDER","data":{"ts":"2026-01-11T14:55:22.4135950Z","type":"OrderSubmit","orderId":2,"instId":1001,"side":"Sell","px":100.00667469348137,"qty":10}}
{"cat":"FILL","data":{"ts":"2026-01-11T14:55:22.4323009Z","fillId":1,"orderId":1,"instId":1001,"side":"Buy","px":99.90667469348138,"qty":10}}
{"cat":"SYSTEM","data":{"ts":"2026-01-11T14:55:22.4350181Z","level":"INFO","comp":"EXECUTION","msg":"Partial fill for Order 2: 9/10"}}
{"cat":"FILL","data":{"ts":"2026-01-11T14:55:22.4350440Z","fillId":2,"orderId":2,"instId":1001,"side":"Sell","px":100.00667469348137,"qty":9}}
{"cat":"ORDER","data":{"ts":"2026-01-11T14:55:22.5394567Z","type":"OrderSubmit","orderId":3,"instId":1001,"side":"Buy","px":99.86369064436931,"qty":10}}
{"cat":"ORDER","data":{"ts":"2026-01-11T14:55:22.5396594Z","type":"OrderSubmit","orderId":4,"instId":1001,"side":"Sell","px":99.96369064436931,"qty":10}}
{"cat":"FILL","data":{"ts":"2026-01-11T14:55:22.5529092Z","fillId":3,"orderId":3,"instId":1001,"side":"Buy","px":99.86369064436931,"qty":10}}
{"cat":"FILL","data":{"ts":"2026-01-11T14:55:22.5680788Z","fillId":4,"orderId":4,"instId":1001,"side":"Sell","px":99.96369064436931,"qty":10}}
{"cat":"ORDER","data":{"ts":"2026-01-11T14:55:22.6359617Z","type":"OrderSubmit","orderId":5,"instId":1001,"side":"Buy","px":99.8911671578843,"qty":10}}
{"cat":"ORDER","data":{"ts":"2026-01-11T14:55:22.6360774Z","type":"OrderSubmit","orderId":6,"instId":1001,"side":"Sell","px":99.99116715788429,"qty":10}}
{"cat":"FILL","data":{"ts":"2026-01-11T14:55:22.6475488Z","fillId":5,"orderId":5,"instId":1001,"side":"Buy","px":99.8911671578843,"qty":10}}
{"cat":"FILL","data":{"ts":"2026-01-11T14:55:22.6558681Z","fillId":6,"orderId":6,"instId":1001,"side":"Sell","px":99.99116715788429,"qty":10}}
{"cat":"ORDER","data":{"ts":"2026-01-11T14:55:22.7391946Z","type":"OrderSubmit","orderId":7,"instId":1001,"side":"Buy","px":99.89228108476023,"qty":10}}
{"cat":"ORDER","data":{"ts":"2026-01-11T14:55:22.7393792Z","type":"OrderSubmit","orderId":8,"instId":1001,"side":"Sell","px":99.99228108476022,"qty":10}}
{"cat":"FILL","data":{"ts":"2026-01-11T14:55:22.7630913Z","fillId":7,"orderId":7,"instId":1001,"side":"Buy","px":99.89228108476023,"qty":10}}
{"cat":"SYSTEM","data":{"ts":"2026-01-11T14:55:22.7809118Z","level":"INFO","comp":"EXECUTION","msg":"Partial fill for Order 8: 6/10"}}
{"cat":"FILL","data":{"ts":"2026-01-11T14:55:22.7809918Z","fillId":8,"orderId":8,"instId":1001,"side":"Sell","px":99.99228108476022,"qty":6}}
{"cat":"ORDER","data":{"ts":"2026-01-11T14:55:22.8540340Z","type":"OrderSubmit","orderId":9,"instId":1001,"side":"Buy","px":99.9220301406095,"qty":10}}
{"cat":"ORDER","data":{"ts":"2026-01-11T14:55:22.8541627Z","type":"OrderSubmit","orderId":10,"instId":1001,"side":"Sell","px":100.02203014060949,"qty":10}}
{"cat":"FILL","data":{"ts":"2026-01-11T14:55:22.8808605Z","fillId":9,"orderId":9,"instId":1001,"side":"Buy","px":99.9220301406095,"qty":10}}
{"cat":"FILL","data":{"ts":"2026-01-11T14:55:22.8962286Z","fillId":10,"orderId":10,"instId":1001,"side":"Sell","px":100.02203014060949,"qty":10}}
{"cat":"ORDER","data":{"ts":"2026-01-11T14:55:22.9599468Z","type":"OrderSubmit","orderId":11,"instId":1001,"side":"Buy","px":99.95476096971183,"qty":10}}
{"cat":"ORDER","data":{"ts":"2026-01-11T14:55:22.9600738Z","type":"OrderSubmit","orderId":12,"instId":1001,"side":"Sell","px":100.05476096971182,"qty":10}}
{"cat":"FILL","data":{"ts":"2026-01-11T14:55:22.9802775Z","fillId":11,"orderId":11,"instId":1001,"side":"Buy","px":99.95476096971183,"qty":10}}
{"cat":"FILL","data":{"ts":"2026-01-11T14:55:22.9950392Z","fillId":12,"orderId":12,"instId":1001,"side":"Sell","px":100.05476096971182,"qty":10}}
{"cat":"ORDER","data":{"ts":"2026-01-11T14:55:23.0724185Z","type":"OrderSubmit","orderId":13,"instId":1001,"side":"Buy","px":99.92135684924264,"qty":10}}
{"cat":"ORDER","data":{"ts":"2026-01-11T14:55:23.0725471Z","type":"OrderSubmit","orderId":14,"instId":1001,"side":"Sell","px":100.02135684924264,"qty":10}}
{"cat":"FILL","data":{"ts":"2026-01-11T14:55:23.0959945Z","fillId":13,"orderId":13,"instId":1001,"side":"Buy","px":99.92135684924264,"qty":10}}
{"cat":"FILL","data":{"ts":"2026-01-11T14:55:23.1057679Z","fillId":14,"orderId":14,"instId":1001,"side":"Sell","px":100.02135684924264,"qty":10}}
{"cat":"ORDER","data":{"ts":"2026-01-11T14:55:23.1807744Z","type":"OrderSubmit","orderId":15,"instId":1001,"side":"Buy","px":99.94496991159161,"qty":10}}
{"cat":"ORDER","data":{"ts":"2026-01-11T14:55:23.1808888Z","type":"OrderSubmit","orderId":16,"instId":1001,"side":"Sell","px":100.04496991159161,"qty":10}}
{"cat":"FILL","data":{"ts":"2026-01-11T14:55:23.1961501Z","fillId":15,"orderId":15,"instId":1001,"side":"Buy","px":99.94496991159161,"qty":10}}
{"cat":"FILL","data":{"ts":"2026-01-11T14:55:23.2057198Z","fillId":16,"orderId":16,"instId":1001,"side":"Sell","px":100.04496991159161,"qty":10}}
{"cat":"ORDER","data":{"ts":"2026-01-11T14:55:23.2802773Z","type":"OrderSubmit","orderId":17,"instId":1001,"side":"Buy","px":99.92099154806743,"qty":10}}
{"cat":"ORDER","data":{"ts":"2026-01-11T14:55:23.2803765Z","type":"OrderSubmit","orderId":18,"instId":1001,"side":"Sell","px":100.02099154806743,"qty":10}}
{"cat":"FILL","data":{"ts":"2026-01-11T14:55:23.3059550Z","fillId":17,"orderId":17,"instId":1001,"side":"Buy","px":99.92099154806743,"qty":10}}
{"cat":"FILL","data":{"ts":"2026-01-11T14:55:23.3141694Z","fillId":18,"orderId":18,"instId":1001,"side":"Sell","px":100.02099154806743,"qty":10}}
{"cat":"ORDER","data":{"ts":"2026-01-11T14:55:23.3808515Z","type":"OrderSubmit","orderId":19,"instId":1001,"side":"Buy","px":99.92159203317557,"qty":10}}
{"cat":"ORDER","data":{"ts":"2026-01-11T14:55:23.3809337Z","type":"OrderSubmit","orderId":20,"instId":1001,"side":"Sell","px":100.02159203317557,"qty":10}}
{"cat":"SYSTEM","data":{"ts":"2026-01-11T14:55:23.4057447Z","level":"INFO","comp":"EXECUTION","msg":"Partial fill for Order 19: 1/10"}}
{"cat":"FILL","data":{"ts":"2026-01-11T14:55:23.4058688Z","fillId":19,"orderId":19,"instId":1001,"side":"Buy","px":99.92159203317557,"qty":1}}
{"cat":"SYSTEM","data":{"ts":"2026-01-11T14:55:23.4141018Z","level":"INFO","comp":"EXECUTION","msg":"Partial fill for Order 20: 9/10"}}
{"cat":"FILL","data":{"ts":"2026-01-11T14:55:23.4142145Z","fillId":20,"orderId":20,"instId":1001,"side":"Sell","px":100.02159203317557,"qty":9}}
{"cat":"ORDER","data":{"ts":"2026-01-11T14:55:23.5100632Z","type":"OrderSubmit","orderId":21,"instId":1001,"side":"Buy","px":99.89461940540683,"qty":10}}
{"cat":"ORDER","data":{"ts":"2026-01-11T14:55:23.5101771Z","type":"OrderSubmit","orderId":22,"instId":1001,"side":"Sell","px":99.99461940540682,"qty":10}}
{"cat":"FILL","data":{"ts":"2026-01-11T14:55:23.5307704Z","fillId":21,"orderId":21,"instId":1001,"side":"Buy","px":99.89461940540683,"qty":10}}
{"cat":"FILL","data":{"ts":"2026-01-11T14:55:23.5461185Z","fillId":22,"orderId":22,"instId":1001,"side":"Sell","px":99.99461940540682,"qty":10}}
{"cat":"ORDER","data":{"ts":"2026-01-11T14:55:23.5959165Z","type":"OrderSubmit","orderId":23,"instId":1001,"side":"Buy","px":99.88333344973314,"qty":10}}
{"cat":"ORDER","data":{"ts":"2026-01-11T14:55:23.5960157Z","type":"OrderSubmit","orderId":24,"instId":1001,"side":"Sell","px":99.98333344973314,"qty":10}}
{"cat":"FILL","data":{"ts":"2026-01-11T14:55:23.6216406Z","fillId":23,"orderId":23,"instId":1001,"side":"Buy","px":99.88333344973314,"qty":10}}
{"cat":"FILL","data":{"ts":"2026-01-11T14:55:23.6368206Z","fillId":24,"orderId":24,"instId":1001,"side":"Sell","px":99.98333344973314,"qty":10}}
{"cat":"ORDER","data":{"ts":"2026-01-11T14:55:23.6979233Z","type":"OrderSubmit","orderId":25,"instId":1001,"side":"Buy","px":99.85493151124332,"qty":10}}
{"cat":"ORDER","data":{"ts":"2026-01-11T14:55:23.6980141Z","type":"OrderSubmit","orderId":26,"instId":1001,"side":"Sell","px":99.95493151124332,"qty":10}}
{"cat":"FILL","data":{"ts":"2026-01-11T14:55:23.7141966Z","fillId":25,"orderId":25,"instId":1001,"side":"Buy","px":99.85493151124332,"qty":10}}
{"cat":"FILL","data":{"ts":"2026-01-11T14:55:23.7292910Z","fillId":26,"orderId":26,"instId":1001,"side":"Sell","px":99.95493151124332,"qty":10}}
{"cat":"ORDER","data":{"ts":"2026-01-11T14:55:23.8105051Z","type":"OrderSubmit","orderId":27,"instId":1001,"side":"Buy","px":99.80701259973321,"qty":10}}
{"cat":"ORDER","data":{"ts":"2026-01-11T14:55:23.8105751Z","type":"OrderSubmit","orderId":28,"instId":1001,"side":"Sell","px":99.9070125997332,"qty":10}}
{"cat":"FILL","data":{"ts":"2026-01-11T14:55:23.8144316Z","fillId":27,"orderId":27,"instId":1001,"side":"Buy","px":99.80701259973321,"qty":10}}
{"cat":"FILL","data":{"ts":"2026-01-11T14:55:23.8307602Z","fillId":28,"orderId":28,"instId":1001,"side":"Sell","px":99.9070125997332,"qty":10}}
{"cat":"ORDER","data":{"ts":"2026-01-11T14:55:23.9140118Z","type":"OrderSubmit","orderId":29,"instId":1001,"side":"Buy","px":99.77049595996296,"qty":10}}
{"cat":"ORDER","data":{"ts":"2026-01-11T14:55:23.9140770Z","type":"OrderSubmit","orderId":30,"instId":1001,"side":"Sell","px":99.87049595996295,"qty":10}}
{"cat":"FILL","data":{"ts":"2026-01-11T14:55:23.9233702Z","fillId":29,"orderId":29,"instId":1001,"side":"Buy","px":99.77049595996296,"qty":10}}
{"cat":"FILL","data":{"ts":"2026-01-11T14:55:23.9312634Z","fillId":30,"orderId":30,"instId":1001,"side":"Sell","px":99.87049595996295,"qty":10}}
{"cat":"ORDER","data":{"ts":"2026-01-11T14:55:24.0144628Z","type":"OrderSubmit","orderId":31,"instId":1001,"side":"Buy","px":99.79457913331902,"qty":10}}
{"cat":"ORDER","data":{"ts":"2026-01-11T14:55:24.0145286Z","type":"OrderSubmit","orderId":32,"instId":1001,"side":"Sell","px":99.89457913331901,"qty":10}}
{"cat":"FILL","data":{"ts":"2026-01-11T14:55:24.0463304Z","fillId":31,"orderId":31,"instId":1001,"side":"Buy","px":99.79457913331902,"qty":10}}
{"cat":"FILL","data":{"ts":"2026-01-11T14:55:24.0478840Z","fillId":32,"orderId":32,"instId":1001,"side":"Sell","px":99.89457913331901,"qty":10}}
{"cat":"ORDER","data":{"ts":"2026-01-11T14:55:24.1144777Z","type":"OrderSubmit","orderId":33,"instId":1001,"side":"Buy","px":99.76408824010943,"qty":10}}
{"cat":"ORDER","data":{"ts":"2026-01-11T14:55:24.1145428Z","type":"OrderSubmit","orderId":34,"instId":1001,"side":"Sell","px":99.86408824010942,"qty":10}}
{"cat":"FILL","data":{"ts":"2026-01-11T14:55:24.1466023Z","fillId":33,"orderId":33,"instId":1001,"side":"Buy","px":99.76408824010943,"qty":10}}
{"cat":"FILL","data":{"ts":"2026-01-11T14:55:24.1565968Z","fillId":34,"orderId":34,"instId":1001,"side":"Sell","px":99.86408824010942,"qty":10}}
{"cat":"ORDER","data":{"ts":"2026-01-11T14:55:24.2307304Z","type":"OrderSubmit","orderId":35,"instId":1001,"side":"Buy","px":99.80279219669886,"qty":10}}
{"cat":"ORDER","data":{"ts":"2026-01-11T14:55:24.2308089Z","type":"OrderSubmit","orderId":36,"instId":1001,"side":"Sell","px":99.90279219669885,"qty":10}}
{"cat":"FILL","data":{"ts":"2026-01-11T14:55:24.2476342Z","fillId":35,"orderId":35,"instId":1001,"side":"Buy","px":99.80279219669886,"qty":10}}
{"cat":"FILL","data":{"ts":"2026-01-11T14:55:24.2640646Z","fillId":36,"orderId":36,"instId":1001,"side":"Sell","px":99.90279219669885,"qty":10}}
{"cat":"ORDER","data":{"ts":"2026-01-11T14:55:24.3464794Z","type":"OrderSubmit","orderId":37,"instId":1001,"side":"Buy","px":99.83890225805291,"qty":10}}
{"cat":"ORDER","data":{"ts":"2026-01-11T14:55:24.3466161Z","type":"OrderSubmit","orderId":38,"instId":1001,"side":"Sell","px":99.9389022580529,"qty":10}}
{"cat":"FILL","data":{"ts":"2026-01-11T14:55:24.3558013Z","fillId":37,"orderId":37,"instId":1001,"side":"Buy","px":99.83890225805291,"qty":10}}
{"cat":"FILL","data":{"ts":"2026-01-11T14:55:24.3657034Z","fillId":38,"orderId":38,"instId":1001,"side":"Sell","px":99.9389022580529,"qty":10}}
{"cat":"ORDER","data":{"ts":"2026-01-11T14:55:24.4693574Z","type":"OrderSubmit","orderId":39,"instId":1001,"side":"Buy","px":99.82478876443338,"qty":10}}
{"cat":"ORDER","data":{"ts":"2026-01-11T14:55:24.4694681Z","type":"OrderSubmit","orderId":40,"instId":1001,"side":"Sell","px":99.92478876443337,"qty":10}}
{"cat":"FILL","data":{"ts":"2026-01-11T14:55:24.4973019Z","fillId":39,"orderId":39,"instId":1001,"side":"Buy","px":99.82478876443338,"qty":10}}
{"cat":"FILL","data":{"ts":"2026-01-11T14:55:24.5056875Z","fillId":40,"orderId":40,"instId":1001,"side":"Sell","px":99.92478876443337,"qty":10}}
{"cat":"ORDER","data":{"ts":"2026-01-11T14:55:24.5646050Z","type":"OrderSubmit","orderId":41,"instId":1001,"side":"Buy","px":99.78515899045634,"qty":10}}
{"cat":"ORDER","data":{"ts":"2026-01-11T14:55:24.5646772Z","type":"OrderSubmit","orderId":42,"instId":1001,"side":"Sell","px":99.88515899045633,"qty":10}}
{"cat":"FILL","data":{"ts":"2026-01-11T14:55:24.5722402Z","fillId":41,"orderId":41,"instId":1001,"side":"Buy","px":99.78515899045634,"qty":10}}
{"cat":"FILL","data":{"ts":"2026-01-11T14:55:24.5805684Z","fillId":42,"orderId":42,"instId":1001,"side":"Sell","px":99.88515899045633,"qty":10}}
{"cat":"ORDER","data":{"ts":"2026-01-11T14:55:24.6566682Z","type":"OrderSubmit","orderId":43,"instId":1001,"side":"Buy","px":99.78811729561451,"qty":10}}
{"cat":"ORDER","data":{"ts":"2026-01-11T14:55:24.6567742Z","type":"OrderSubmit","orderId":44,"instId":1001,"side":"Sell","px":99.8881172956145,"qty":10}}
{"cat":"FILL","data":{"ts":"2026-01-11T14:55:24.6730313Z","fillId":43,"orderId":43,"instId":1001,"side":"Buy","px":99.78811729561451,"qty":10}}
{"cat":"FILL","data":{"ts":"2026-01-11T14:55:24.6805590Z","fillId":44,"orderId":44,"instId":1001,"side":"Sell","px":99.8881172956145,"qty":10}}
{"cat":"ORDER","data":{"ts":"2026-01-11T14:55:24.7805998Z","type":"OrderSubmit","orderId":45,"instId":1001,"side":"Buy","px":99.77399279730116,"qty":10}}
{"cat":"ORDER","data":{"ts":"2026-01-11T14:55:24.7807006Z","type":"OrderSubmit","orderId":46,"instId":1001,"side":"Sell","px":99.87399279730116,"qty":10}}
{"cat":"FILL","data":{"ts":"2026-01-11T14:55:24.7973848Z","fillId":45,"orderId":45,"instId":1001,"side":"Buy","px":99.77399279730116,"qty":10}}
{"cat":"FILL","data":{"ts":"2026-01-11T14:55:24.8139930Z","fillId":46,"orderId":46,"instId":1001,"side":"Sell","px":99.87399279730116,"qty":10}}
{"cat":"ORDER","data":{"ts":"2026-01-11T14:55:24.8805431Z","type":"OrderSubmit","orderId":47,"instId":1001,"side":"Buy","px":99.7947433454193,"qty":10}}
{"cat":"ORDER","data":{"ts":"2026-01-11T14:55:24.8806177Z","type":"OrderSubmit","orderId":48,"instId":1001,"side":"Sell","px":99.8947433454193,"qty":10}}
{"cat":"FILL","data":{"ts":"2026-01-11T14:55:24.8983626Z","fillId":47,"orderId":47,"instId":1001,"side":"Buy","px":99.7947433454193,"qty":10}}
{"cat":"FILL","data":{"ts":"2026-01-11T14:55:24.9055961Z","fillId":48,"orderId":48,"instId":1001,"side":"Sell","px":99.8947433454193,"qty":10}}
{"cat":"ORDER","data":{"ts":"2026-01-11T14:55:24.9931078Z","type":"OrderSubmit","orderId":49,"instId":1001,"side":"Buy","px":99.80279082860929,"qty":10}}
{"cat":"ORDER","data":{"ts":"2026-01-11T14:55:24.9931573Z","type":"OrderSubmit","orderId":50,"instId":1001,"side":"Sell","px":99.90279082860928,"qty":10}}
{"cat":"FILL","data":{"ts":"2026-01-11T14:55:25.0056060Z","fillId":49,"orderId":49,"instId":1001,"side":"Buy","px":99.80279082860929,"qty":10}}
{"cat":"FILL","data":{"ts":"2026-01-11T14:55:25.0086138Z","fillId":50,"orderId":50,"instId":1001,"side":"Sell","px":99.90279082860928,"qty":10}}
{"cat":"ORDER","data":{"ts":"2026-01-11T14:55:25.1060280Z","type":"OrderSubmit","orderId":51,"instId":1001,"side":"Buy","px":99.8148456608713,"qty":10}}
{"cat":"ORDER","data":{"ts":"2026-01-11T14:55:25.1062988Z","type":"OrderSubmit","orderId":52,"instId":1001,"side":"Sell","px":99.9148456608713,"qty":10}}
{"cat":"FILL","data":{"ts":"2026-01-11T14:55:25.1139160Z","fillId":51,"orderId":51,"instId":1001,"side":"Buy","px":99.8148456608713,"qty":10}}
{"cat":"FILL","data":{"ts":"2026-01-11T14:55:25.1294347Z","fillId":52,"orderId":52,"instId":1001,"side":"Sell","px":99.9148456608713,"qty":10}}
{"cat":"ORDER","data":{"ts":"2026-01-11T14:55:25.1972056Z","type":"OrderSubmit","orderId":53,"instId":1001,"side":"Buy","px":99.83809532403858,"qty":10}}
{"cat":"ORDER","data":{"ts":"2026-01-11T14:55:25.1972627Z","type":"OrderSubmit","orderId":54,"instId":1001,"side":"Sell","px":99.93809532403857,"qty":10}}
{"cat":"FILL","data":{"ts":"2026-01-11T14:55:25.2139366Z","fillId":53,"orderId":53,"instId":1001,"side":"Buy","px":99.83809532403858,"qty":10}}
{"cat":"FILL","data":{"ts":"2026-01-11T14:55:25.2292105Z","fillId":54,"orderId":54,"instId":1001,"side":"Sell","px":99.93809532403857,"qty":10}}
{"cat":"ORDER","data":{"ts":"2026-01-11T14:55:25.3069157Z","type":"OrderSubmit","orderId":55,"instId":1001,"side":"Buy","px":99.86288359803748,"qty":10}}
{"cat":"ORDER","data":{"ts":"2026-01-11T14:55:25.3069867Z","type":"OrderSubmit","orderId":56,"instId":1001,"side":"Sell","px":99.96288359803748,"qty":10}}
{"cat":"FILL","data":{"ts":"2026-01-11T14:55:25.3293174Z","fillId":55,"orderId":55,"instId":1001,"side":"Buy","px":99.86288359803748,"qty":10}}
{"cat":"FILL","data":{"ts":"2026-01-11T14:55:25.3447232Z","fillId":56,"orderId":56,"instId":1001,"side":"Sell","px":99.96288359803748,"qty":10}}
{"cat":"ORDER","data":{"ts":"2026-01-11T14:55:25.4214029Z","type":"OrderSubmit","orderId":57,"instId":1001,"side":"Buy","px":99.85250870410937,"qty":10}}
{"cat":"ORDER","data":{"ts":"2026-01-11T14:55:25.4214842Z","type":"OrderSubmit","orderId":58,"instId":1001,"side":"Sell","px":99.95250870410936,"qty":10}}
{"cat":"FILL","data":{"ts":"2026-01-11T14:55:25.4307402Z","fillId":57,"orderId":57,"instId":1001,"side":"Buy","px":99.85250870410937,"qty":10}}
{"cat":"FILL","data":{"ts":"2026-01-11T14:55:25.4308361Z","fillId":58,"orderId":58,"instId":1001,"side":"Sell","px":99.95250870410936,"qty":10}}
{"cat":"ORDER","data":{"ts":"2026-01-11T14:55:25.5312457Z","type":"OrderSubmit","orderId":59,"instId":1001,"side":"Buy","px":99.82703442809967,"qty":10}}
{"cat":"ORDER","data":{"ts":"2026-01-11T14:55:25.5313288Z","type":"OrderSubmit","orderId":60,"instId":1001,"side":"Sell","px":99.92703442809966,"qty":10}}
{"cat":"FILL","data":{"ts":"2026-01-11T14:55:25.5481788Z","fillId":59,"orderId":59,"instId":1001,"side":"Buy","px":99.82703442809967,"qty":10}}
{"cat":"FILL","data":{"ts":"2026-01-11T14:55:25.5637214Z","fillId":60,"orderId":60,"instId":1001,"side":"Sell","px":99.92703442809966,"qty":10}}
{"cat":"ORDER","data":{"ts":"2026-01-11T14:55:25.6638973Z","type":"OrderSubmit","orderId":61,"instId":1001,"side":"Buy","px":99.84566893533137,"qty":10}}
{"cat":"ORDER","data":{"ts":"2026-01-11T14:55:25.6639732Z","type":"OrderSubmit","orderId":62,"instId":1001,"side":"Sell","px":99.94566893533137,"qty":10}}
{"cat":"FILL","data":{"ts":"2026-01-11T14:55:25.6806065Z","fillId":61,"orderId":61,"instId":1001,"side":"Buy","px":99.84566893533137,"qty":10}}
{"cat":"FILL","data":{"ts":"2026-01-11T14:55:25.6890221Z","fillId":62,"orderId":62,"instId":1001,"side":"Sell","px":99.94566893533137,"qty":10}}
{"cat":"ORDER","data":{"ts":"2026-01-11T14:55:25.7555673Z","type":"OrderSubmit","orderId":63,"instId":1001,"side":"Buy","px":99.81672355470562,"qty":10}}
{"cat":"ORDER","data":{"ts":"2026-01-11T14:55:25.7556899Z","type":"OrderSubmit","orderId":64,"instId":1001,"side":"Sell","px":99.91672355470561,"qty":10}}
{"cat":"FILL","data":{"ts":"2026-01-11T14:55:25.7796422Z","fillId":63,"orderId":63,"instId":1001,"side":"Buy","px":99.81672355470562,"qty":10}}
{"cat":"FILL","data":{"ts":"2026-01-11T14:55:25.7893661Z","fillId":64,"orderId":64,"instId":1001,"side":"Sell","px":99.91672355470561,"qty":10}}
{"cat":"ORDER","data":{"ts":"2026-01-11T14:55:25.8638001Z","type":"OrderSubmit","orderId":65,"instId":1001,"side":"Buy","px":99.81847731336882,"qty":10}}
{"cat":"ORDER","data":{"ts":"2026-01-11T14:55:25.8638976Z","type":"OrderSubmit","orderId":66,"instId":1001,"side":"Sell","px":99.91847731336881,"qty":10}}
{"cat":"FILL","data":{"ts":"2026-01-11T14:55:25.8731243Z","fillId":65,"orderId":65,"instId":1001,"side":"Buy","px":99.81847731336882,"qty":10}}
{"cat":"FILL","data":{"ts":"2026-01-11T14:55:25.8805140Z","fillId":66,"orderId":66,"instId":1001,"side":"Sell","px":99.91847731336881,"qty":10}}
{"cat":"ORDER","data":{"ts":"2026-01-11T14:55:25.9943341Z","type":"OrderSubmit","orderId":67,"instId":1001,"side":"Buy","px":99.81701640988096,"qty":10}}
{"cat":"ORDER","data":{"ts":"2026-01-11T14:55:25.9944695Z","type":"OrderSubmit","orderId":68,"instId":1001,"side":"Sell","px":99.91701640988096,"qty":10}}
{"cat":"FILL","data":{"ts":"2026-01-11T14:55:26.0256618Z","fillId":67,"orderId":67,"instId":1001,"side":"Buy","px":99.81701640988096,"qty":10}}
{"cat":"FILL","data":{"ts":"2026-01-11T14:55:26.0320852Z","fillId":68,"orderId":68,"instId":1001,"side":"Sell","px":99.91701640988096,"qty":10}}
{"cat":"ORDER","data":{"ts":"2026-01-11T14:55:26.0729040Z","type":"OrderSubmit","orderId":69,"instId":1001,"side":"Buy","px":99.79229695517212,"qty":10}}
{"cat":"ORDER","data":{"ts":"2026-01-11T14:55:26.0729881Z","type":"OrderSubmit","orderId":70,"instId":1001,"side":"Sell","px":99.89229695517211,"qty":10}}
{"cat":"FILL","data":{"ts":"2026-01-11T14:55:26.0956275Z","fillId":69,"orderId":69,"instId":1001,"side":"Buy","px":99.79229695517212,"qty":10}}
{"cat":"FILL","data":{"ts":"2026-01-11T14:55:26.1110604Z","fillId":70,"orderId":70,"instId":1001,"side":"Sell","px":99.89229695517211,"qty":10}}
{"cat":"ORDER","data":{"ts":"2026-01-11T14:55:26.1803151Z","type":"OrderSubmit","orderId":71,"instId":1001,"side":"Buy","px":99.81937484008698,"qty":10}}
{"cat":"ORDER","data":{"ts":"2026-01-11T14:55:26.1803679Z","type":"OrderSubmit","orderId":72,"instId":1001,"side":"Sell","px":99.91937484008697,"qty":10}}
{"cat":"FILL","data":{"ts":"2026-01-11T14:55:26.1982605Z","fillId":71,"orderId":71,"instId":1001,"side":"Buy","px":99.81937484008698,"qty":10}}
{"cat":"FILL","data":{"ts":"2026-01-11T14:55:26.2054942Z","fillId":72,"orderId":72,"instId":1001,"side":"Sell","px":99.91937484008697,"qty":10}}
{"cat":"ORDER","data":{"ts":"2026-01-11T14:55:26.2733516Z","type":"OrderSubmit","orderId":73,"instId":1001,"side":"Buy","px":99.76963273401822,"qty":10}}
{"cat":"ORDER","data":{"ts":"2026-01-11T14:55:26.2734109Z","type":"OrderSubmit","orderId":74,"instId":1001,"side":"Sell","px":99.86963273401821,"qty":10}}
{"cat":"FILL","data":{"ts":"2026-01-11T14:55:26.2891606Z","fillId":73,"orderId":73,"instId":1001,"side":"Buy","px":99.76963273401822,"qty":10}}
{"cat":"FILL","data":{"ts":"2026-01-11T14:55:26.3046322Z","fillId":74,"orderId":74,"instId":1001,"side":"Sell","px":99.86963273401821,"qty":10}}
{"cat":"ORDER","data":{"ts":"2026-01-11T14:55:26.3888209Z","type":"OrderSubmit","orderId":75,"instId":1001,"side":"Buy","px":99.76802394544615,"qty":10}}
{"cat":"ORDER","data":{"ts":"2026-01-11T14:55:26.3888632Z","type":"OrderSubmit","orderId":76,"instId":1001,"side":"Sell","px":99.86802394544614,"qty":10}}
{"cat":"FILL","data":{"ts":"2026-01-11T14:55:26.3971281Z","fillId":75,"orderId":75,"instId":1001,"side":"Buy","px":99.76802394544615,"qty":10}}
{"cat":"FILL","data":{"ts":"2026-01-11T14:55:26.4055859Z","fillId":76,"orderId":76,"instId":1001,"side":"Sell","px":99.86802394544614,"qty":10}}
{"cat":"ORDER","data":{"ts":"2026-01-11T14:55:26.5052643Z","type":"OrderSubmit","orderId":77,"instId":1001,"side":"Buy","px":99.76281973578168,"qty":10}}
{"cat":"ORDER","data":{"ts":"2026-01-11T14:55:26.5053786Z","type":"OrderSubmit","orderId":78,"instId":1001,"side":"Sell","px":99.86281973578167,"qty":10}}
{"cat":"FILL","data":{"ts":"2026-01-11T14:55:26.5222000Z","fillId":77,"orderId":77,"instId":1001,"side":"Buy","px":99.76281973578168,"qty":10}}
{"cat":"FILL","data":{"ts":"2026-01-11T14:55:26.5222705Z","fillId":78,"orderId":78,"instId":1001,"side":"Sell","px":99.86281973578167,"qty":10}}
{"cat":"ORDER","data":{"ts":"2026-01-11T14:55:26.6058706Z","type":"OrderSubmit","orderId":79,"instId":1001,"side":"Buy","px":99.76146577844,"qty":10}}
{"cat":"ORDER","data":{"ts":"2026-01-11T14:55:26.6059238Z","type":"OrderSubmit","orderId":80,"instId":1001,"side":"Sell","px":99.86146577843999,"qty":10}}
{"cat":"FILL","data":{"ts":"2026-01-11T14:55:26.6369735Z","fillId":79,"orderId":79,"instId":1001,"side":"Buy","px":99.76146577844,"qty":10}}
{"cat":"FILL","data":{"ts":"2026-01-11T14:55:26.6518667Z","fillId":80,"orderId":80,"instId":1001,"side":"Sell","px":99.86146577843999,"qty":10}}
{"cat":"ORDER","data":{"ts":"2026-01-11T14:55:26.7304863Z","type":"OrderSubmit","orderId":81,"instId":1001,"side":"Buy","px":99.78262351750519,"qty":10}}
{"cat":"ORDER","data":{"ts":"2026-01-11T14:55:26.7305783Z","type":"OrderSubmit","orderId":82,"instId":1001,"side":"Sell","px":99.88262351750518,"qty":10}}
{"cat":"FILL","data":{"ts":"2026-01-11T14:55:26.7540392Z","fillId":81,"orderId":81,"instId":1001,"side":"Buy","px":99.78262351750519,"qty":10}}
{"cat":"FILL","data":{"ts":"2026-01-11T14:55:26.7648705Z","fillId":82,"orderId":82,"instId":1001,"side":"Sell","px":99.88262351750518,"qty":10}}
{"cat":"ORDER","data":{"ts":"2026-01-11T14:55:26.8308158Z","type":"OrderSubmit","orderId":83,"instId":1001,"side":"Buy","px":99.77774829008978,"qty":10}}
{"cat":"ORDER","data":{"ts":"2026-01-11T14:55:26.8308747Z","type":"OrderSubmit","orderId":84,"instId":1001,"side":"Sell","px":99.87774829008977,"qty":10}}
{"cat":"FILL","data":{"ts":"2026-01-11T14:55:26.8388305Z","fillId":83,"orderId":83,"instId":1001,"side":"Buy","px":99.77774829008978,"qty":10}}
{"cat":"FILL","data":{"ts":"2026-01-11T14:55:26.8483400Z","fillId":84,"orderId":84,"instId":1001,"side":"Sell","px":99.87774829008977,"qty":10}}
{"cat":"ORDER","data":{"ts":"2026-01-11T14:55:26.9302387Z","type":"OrderSubmit","orderId":85,"instId":1001,"side":"Buy","px":99.75474352578388,"qty":10}}
{"cat":"ORDER","data":{"ts":"2026-01-11T14:55:26.9302928Z","type":"OrderSubmit","orderId":86,"instId":1001,"side":"Sell","px":99.85474352578387,"qty":10}}
{"cat":"FILL","data":{"ts":"2026-01-11T14:55:26.9465166Z","fillId":85,"orderId":85,"instId":1001,"side":"Buy","px":99.75474352578388,"qty":10}}
{"cat":"FILL","data":{"ts":"2026-01-11T14:55:26.9486342Z","fillId":86,"orderId":86,"instId":1001,"side":"Sell","px":99.85474352578387,"qty":10}}
{"cat":"ORDER","data":{"ts":"2026-01-11T14:55:27.0465545Z","type":"OrderSubmit","orderId":87,"instId":1001,"side":"Buy","px":99.73304757717207,"qty":10}}
{"cat":"ORDER","data":{"ts":"2026-01-11T14:55:27.0466630Z","type":"OrderSubmit","orderId":88,"instId":1001,"side":"Sell","px":99.83304757717207,"qty":10}}
{"cat":"FILL","data":{"ts":"2026-01-11T14:55:27.0554099Z","fillId":87,"orderId":87,"instId":1001,"side":"Buy","px":99.73304757717207,"qty":10}}
{"cat":"SYSTEM","data":{"ts":"2026-01-11T14:55:27.0636189Z","level":"INFO","comp":"EXECUTION","msg":"Partial fill for Order 88: 2/10"}}
{"cat":"FILL","data":{"ts":"2026-01-11T14:55:27.0636840Z","fillId":88,"orderId":88,"instId":1001,"side":"Sell","px":99.83304757717207,"qty":2}}
{"cat":"ORDER","data":{"ts":"2026-01-11T14:55:27.1476912Z","type":"OrderSubmit","orderId":89,"instId":1001,"side":"Buy","px":99.74657171589628,"qty":10}}
{"cat":"ORDER","data":{"ts":"2026-01-11T14:55:27.1480477Z","type":"OrderSubmit","orderId":90,"instId":1001,"side":"Sell","px":99.84657171589627,"qty":10}}
{"cat":"FILL","data":{"ts":"2026-01-11T14:55:27.1636514Z","fillId":89,"orderId":89,"instId":1001,"side":"Buy","px":99.74657171589628,"qty":10}}
{"cat":"FILL","data":{"ts":"2026-01-11T14:55:27.1792891Z","fillId":90,"orderId":90,"instId":1001,"side":"Sell","px":99.84657171589627,"qty":10}}
{"cat":"ORDER","data":{"ts":"2026-01-11T14:55:27.2539539Z","type":"OrderSubmit","orderId":91,"instId":1001,"side":"Buy","px":99.726049580507,"qty":10}}
{"cat":"ORDER","data":{"ts":"2026-01-11T14:55:27.2540389Z","type":"OrderSubmit","orderId":92,"instId":1001,"side":"Sell","px":99.82604958050699,"qty":10}}
{"cat":"FILL","data":{"ts":"2026-01-11T14:55:27.2636411Z","fillId":91,"orderId":91,"instId":1001,"side":"Buy","px":99.726049580507,"qty":10}}
{"cat":"FILL","data":{"ts":"2026-01-11T14:55:27.2637002Z","fillId":92,"orderId":92,"instId":1001,"side":"Sell","px":99.82604958050699,"qty":10}}
{"cat":"ORDER","data":{"ts":"2026-01-11T14:55:27.3388501Z","type":"OrderSubmit","orderId":93,"instId":1001,"side":"Buy","px":99.71300294013368,"qty":10}}
{"cat":"ORDER","data":{"ts":"2026-01-11T14:55:27.3389235Z","type":"OrderSubmit","orderId":94,"instId":1001,"side":"Sell","px":99.81300294013367,"qty":10}}
{"cat":"FILL","data":{"ts":"2026-01-11T14:55:27.3553260Z","fillId":93,"orderId":93,"instId":1001,"side":"Buy","px":99.71300294013368,"qty":10}}
{"cat":"FILL","data":{"ts":"2026-01-11T14:55:27.3636978Z","fillId":94,"orderId":94,"instId":1001,"side":"Sell","px":99.81300294013367,"qty":10}}
{"cat":"ORDER","data":{"ts":"2026-01-11T14:55:27.4551187Z","type":"OrderSubmit","orderId":95,"instId":1001,"side":"Buy","px":99.74827100778849,"qty":10}}
{"cat":"ORDER","data":{"ts":"2026-01-11T14:55:27.4553901Z","type":"OrderSubmit","orderId":96,"instId":1001,"side":"Sell","px":99.84827100778848,"qty":10}}
{"cat":"FILL","data":{"ts":"2026-01-11T14:55:27.4812124Z","fillId":95,"orderId":95,"instId":1001,"side":"Buy","px":99.74827100778849,"qty":10}}
{"cat":"FILL","data":{"ts":"2026-01-11T14:55:27.4966430Z","fillId":96,"orderId":96,"instId":1001,"side":"Sell","px":99.84827100778848,"qty":10}}
{"cat":"ORDER","data":{"ts":"2026-01-11T14:55:27.5634251Z","type":"OrderSubmit","orderId":97,"instId":1001,"side":"Buy","px":99.71583756418704,"qty":10}}
{"cat":"ORDER","data":{"ts":"2026-01-11T14:55:27.5634814Z","type":"OrderSubmit","orderId":98,"instId":1001,"side":"Sell","px":99.81583756418704,"qty":10}}
{"cat":"FILL","data":{"ts":"2026-01-11T14:55:27.5800453Z","fillId":97,"orderId":97,"instId":1001,"side":"Buy","px":99.71583756418704,"qty":10}}
{"cat":"FILL","data":{"ts":"2026-01-11T14:55:27.5953252Z","fillId":98,"orderId":98,"instId":1001,"side":"Sell","px":99.81583756418704,"qty":10}}
{"cat":"ORDER","data":{"ts":"2026-01-11T14:55:27.6718962Z","type":"OrderSubmit","orderId":99,"instId":1001,"side":"Buy","px":99.7510576199745,"qty":10}}
{"cat":"ORDER","data":{"ts":"2026-01-11T14:55:27.6719588Z","type":"OrderSubmit","orderId":100,"instId":1001,"side":"Sell","px":99.8510576199745,"qty":10}}
{"cat":"FILL","data":{"ts":"2026-01-11T14:55:27.6887003Z","fillId":99,"orderId":99,"instId":1001,"side":"Buy","px":99.7510576199745,"qty":10}}
{"cat":"FILL","data":{"ts":"2026-01-11T14:55:27.6969358Z","fillId":100,"orderId":100,"instId":1001,"side":"Sell","px":99.8510576199745,"qty":10}}
{"cat":"ORDER","data":{"ts":"2026-01-11T14:55:27.7793460Z","type":"OrderSubmit","orderId":101,"instId":1001,"side":"Buy","px":99.76549307753587,"qty":10}}
{"cat":"ORDER","data":{"ts":"2026-01-11T14:55:27.7794956Z","type":"OrderSubmit","orderId":102,"instId":1001,"side":"Sell","px":99.86549307753586,"qty":10}}
{"cat":"FILL","data":{"ts":"2026-01-11T14:55:27.8039508Z","fillId":101,"orderId":101,"instId":1001,"side":"Buy","px":99.76549307753587,"qty":10}}
{"cat":"FILL","data":{"ts":"2026-01-11T14:55:27.8152802Z","fillId":102,"orderId":102,"instId":1001,"side":"Sell","px":99.86549307753586,"qty":10}}
{"cat":"ORDER","data":{"ts":"2026-01-11T14:55:27.8884935Z","type":"OrderSubmit","orderId":103,"instId":1001,"side":"Buy","px":99.77707641898982,"qty":10}}
{"cat":"ORDER","data":{"ts":"2026-01-11T14:55:27.8885501Z","type":"OrderSubmit","orderId":104,"instId":1001,"side":"Sell","px":99.87707641898982,"qty":10}}
{"cat":"FILL","data":{"ts":"2026-01-11T14:55:27.9055753Z","fillId":103,"orderId":103,"instId":1001,"side":"Buy","px":99.77707641898982,"qty":10}}
{"cat":"FILL","data":{"ts":"2026-01-11T14:55:27.9217755Z","fillId":104,"orderId":104,"instId":1001,"side":"Sell","px":99.87707641898982,"qty":10}}
{"cat":"ORDER","data":{"ts":"2026-01-11T14:55:27.9888315Z","type":"OrderSubmit","orderId":105,"instId":1001,"side":"Buy","px":99.77122850253768,"qty":10}}
{"cat":"ORDER","data":{"ts":"2026-01-11T14:55:27.9888773Z","type":"OrderSubmit","orderId":106,"instId":1001,"side":"Sell","px":99.87122850253768,"qty":10}}
{"cat":"FILL","data":{"ts":"2026-01-11T14:55:28.0051131Z","fillId":105,"orderId":105,"instId":1001,"side":"Buy","px":99.77122850253768,"qty":10}}
{"cat":"FILL","data":{"ts":"2026-01-11T14:55:28.0207479Z","fillId":106,"orderId":106,"instId":1001,"side":"Sell","px":99.87122850253768,"qty":10}}
{"cat":"ORDER","data":{"ts":"2026-01-11T14:55:28.1050747Z","type":"OrderSubmit","orderId":107,"instId":1001,"side":"Buy","px":99.77089818684425,"qty":10}}
{"cat":"ORDER","data":{"ts":"2026-01-11T14:55:28.1051784Z","type":"OrderSubmit","orderId":108,"instId":1001,"side":"Sell","px":99.87089818684424,"qty":10}}
{"cat":"FILL","data":{"ts":"2026-01-11T14:55:28.1316301Z","fillId":107,"orderId":107,"instId":1001,"side":"Buy","px":99.77089818684425,"qty":10}}
{"cat":"FILL","data":{"ts":"2026-01-11T14:55:28.1463357Z","fillId":108,"orderId":108,"instId":1001,"side":"Sell","px":99.87089818684424,"qty":10}}
{"cat":"ORDER","data":{"ts":"2026-01-11T14:55:28.2246970Z","type":"OrderSubmit","orderId":109,"instId":1001,"side":"Buy","px":99.72390854033823,"qty":10}}
{"cat":"ORDER","data":{"ts":"2026-01-11T14:55:28.2247808Z","type":"OrderSubmit","orderId":110,"instId":1001,"side":"Sell","px":99.82390854033822,"qty":10}}
{"cat":"FILL","data":{"ts":"2026-01-11T14:55:28.2466778Z","fillId":109,"orderId":109,"instId":1001,"side":"Buy","px":99.72390854033823,"qty":10}}
{"cat":"FILL","data":{"ts":"2026-01-11T14:55:28.2620596Z","fillId":110,"orderId":110,"instId":1001,"side":"Sell","px":99.82390854033822,"qty":10}}
{"cat":"ORDER","data":{"ts":"2026-01-11T14:55:28.3305570Z","type":"OrderSubmit","orderId":111,"instId":1001,"side":"Buy","px":99.72762492866144,"qty":10}}
{"cat":"ORDER","data":{"ts":"2026-01-11T14:55:28.3306365Z","type":"OrderSubmit","orderId":112,"instId":1001,"side":"Sell","px":99.82762492866144,"qty":10}}
{"cat":"FILL","data":{"ts":"2026-01-11T14:55:28.3549959Z","fillId":111,"orderId":111,"instId":1001,"side":"Buy","px":99.72762492866144,"qty":10}}
{"cat":"FILL","data":{"ts":"2026-01-11T14:55:28.3634119Z","fillId":112,"orderId":112,"instId":1001,"side":"Sell","px":99.82762492866144,"qty":10}}
{"cat":"ORDER","data":{"ts":"2026-01-11T14:55:28.4464578Z","type":"OrderSubmit","orderId":113,"instId":1001,"side":"Buy","px":99.74876537786272,"qty":10}}
{"cat":"ORDER","data":{"ts":"2026-01-11T14:55:28.4465208Z","type":"OrderSubmit","orderId":114,"instId":1001,"side":"Sell","px":99.84876537786272,"qty":10}}
{"cat":"FILL","data":{"ts":"2026-01-11T14:55:28.4634464Z","fillId":113,"orderId":113,"instId":1001,"side":"Buy","px":99.74876537786272,"qty":10}}
{"cat":"FILL","data":{"ts":"2026-01-11T14:55:28.4717186Z","fillId":114,"orderId":114,"instId":1001,"side":"Sell","px":99.84876537786272,"qty":10}}
{"cat":"ORDER","data":{"ts":"2026-01-11T14:55:28.5633653Z","type":"OrderSubmit","orderId":115,"instId":1001,"side":"Buy","px":99.70549134325957,"qty":10}}
{"cat":"ORDER","data":{"ts":"2026-01-11T14:55:28.5634725Z","type":"OrderSubmit","orderId":116,"instId":1001,"side":"Sell","px":99.80549134325956,"qty":10}}
{"cat":"FILL","data":{"ts":"2026-01-11T14:55:28.5781715Z","fillId":115,"orderId":115,"instId":1001,"side":"Buy","px":99.70549134325957,"qty":10}}
{"cat":"FILL","data":{"ts":"2026-01-11T14:55:28.5942080Z","fillId":116,"orderId":116,"instId":1001,"side":"Sell","px":99.80549134325956,"qty":10}}
{"cat":"ORDER","data":{"ts":"2026-01-11T14:55:28.6634558Z","type":"OrderSubmit","orderId":117,"instId":1001,"side":"Buy","px":99.74855778694551,"qty":10}}
{"cat":"ORDER","data":{"ts":"2026-01-11T14:55:28.6635970Z","type":"OrderSubmit","orderId":118,"instId":1001,"side":"Sell","px":99.8485577869455,"qty":10}}
{"cat":"FILL","data":{"ts":"2026-01-11T14:55:28.6720431Z","fillId":117,"orderId":117,"instId":1001,"side":"Buy","px":99.74855778694551,"qty":10}}
{"cat":"FILL","data":{"ts":"2026-01-11T14:55:28.6813267Z","fillId":118,"orderId":118,"instId":1001,"side":"Sell","px":99.8485577869455,"qty":10}}
{"cat":"ORDER","data":{"ts":"2026-01-11T14:55:28.7631704Z","type":"OrderSubmit","orderId":119,"instId":1001,"side":"Buy","px":99.71625201053277,"qty":10}}
{"cat":"ORDER","data":{"ts":"2026-01-11T14:55:28.7632608Z","type":"OrderSubmit","orderId":120,"instId":1001,"side":"Sell","px":99.81625201053276,"qty":10}}
{"cat":"FILL","data":{"ts":"2026-01-11T14:55:28.7799231Z","fillId":119,"orderId":119,"instId":1001,"side":"Buy","px":99.71625201053277,"qty":10}}
{"cat":"FILL","data":{"ts":"2026-01-11T14:55:28.7956078Z","fillId":120,"orderId":120,"instId":1001,"side":"Sell","px":99.81625201053276,"qty":10}}
{"cat":"ORDER","data":{"ts":"2026-01-11T14:55:28.8720216Z","type":"OrderSubmit","orderId":121,"instId":1001,"side":"Buy","px":99.67573317646782,"qty":10}}
{"cat":"ORDER","data":{"ts":"2026-01-11T14:55:28.8721094Z","type":"OrderSubmit","orderId":122,"instId":1001,"side":"Sell","px":99.77573317646781,"qty":10}}
{"cat":"FILL","data":{"ts":"2026-01-11T14:55:28.8886264Z","fillId":121,"orderId":121,"instId":1001,"side":"Buy","px":99.67573317646782,"qty":10}}
{"cat":"FILL","data":{"ts":"2026-01-11T14:55:28.9039798Z","fillId":122,"orderId":122,"instId":1001,"side":"Sell","px":99.77573317646781,"qty":10}}
{"cat":"ORDER","data":{"ts":"2026-01-11T14:55:28.9806552Z","type":"OrderSubmit","orderId":123,"instId":1001,"side":"Buy","px":99.66754078199972,"qty":10}}
{"cat":"ORDER","data":{"ts":"2026-01-11T14:55:28.9807064Z","type":"OrderSubmit","orderId":124,"instId":1001,"side":"Sell","px":99.76754078199971,"qty":10}}
{"cat":"FILL","data":{"ts":"2026-01-11T14:55:29.0051522Z","fillId":123,"orderId":123,"instId":1001,"side":"Buy","px":99.66754078199972,"qty":10}}
{"cat":"FILL","data":{"ts":"2026-01-11T14:55:29.0197765Z","fillId":124,"orderId":124,"instId":1001,"side":"Sell","px":99.76754078199971,"qty":10}}
{"cat":"ORDER","data":{"ts":"2026-01-11T14:55:29.0895061Z","type":"OrderSubmit","orderId":125,"instId":1001,"side":"Buy","px":99.65152873827681,"qty":10}}
{"cat":"ORDER","data":{"ts":"2026-01-11T14:55:29.0895833Z","type":"OrderSubmit","orderId":126,"instId":1001,"side":"Sell","px":99.7515287382768,"qty":10}}
{"cat":"FILL","data":{"ts":"2026-01-11T14:55:29.1049851Z","fillId":125,"orderId":125,"instId":1001,"side":"Buy","px":99.65152873827681,"qty":10}}
{"cat":"FILL","data":{"ts":"2026-01-11T14:55:29.1208189Z","fillId":126,"orderId":126,"instId":1001,"side":"Sell","px":99.7515287382768,"qty":10}}
{"cat":"ORDER","data":{"ts":"2026-01-11T14:55:29.1890944Z","type":"OrderSubmit","orderId":127,"instId":1001,"side":"Buy","px":99.60302465076234,"qty":10}}
{"cat":"ORDER","data":{"ts":"2026-01-11T14:55:29.1891636Z","type":"OrderSubmit","orderId":128,"instId":1001,"side":"Sell","px":99.70302465076233,"qty":10}}
{"cat":"FILL","data":{"ts":"2026-01-11T14:55:29.2043733Z","fillId":127,"orderId":127,"instId":1001,"side":"Buy","px":99.60302465076234,"qty":10}}
{"cat":"FILL","data":{"ts":"2026-01-11T14:55:29.2137072Z","fillId":128,"orderId":128,"instId":1001,"side":"Sell","px":99.70302465076233,"qty":10}}
{"cat":"ORDER","data":{"ts":"2026-01-11T14:55:29.3038806Z","type":"OrderSubmit","orderId":129,"instId":1001,"side":"Buy","px":99.63499062863876,"qty":10}}
{"cat":"ORDER","data":{"ts":"2026-01-11T14:55:29.3039333Z","type":"OrderSubmit","orderId":130,"instId":1001,"side":"Sell","px":99.73499062863876,"qty":10}}
{"cat":"FILL","data":{"ts":"2026-01-11T14:55:29.3305681Z","fillId":129,"orderId":129,"instId":1001,"side":"Buy","px":99.63499062863876,"qty":10}}
{"cat":"FILL","data":{"ts":"2026-01-11T14:55:29.3387721Z","fillId":130,"orderId":130,"instId":1001,"side":"Sell","px":99.73499062863876,"qty":10}}
{"cat":"ORDER","data":{"ts":"2026-01-11T14:55:29.3976557Z","type":"OrderSubmit","orderId":131,"instId":1001,"side":"Buy","px":99.58696338149576,"qty":10}}
{"cat":"ORDER","data":{"ts":"2026-01-11T14:55:29.3977699Z","type":"OrderSubmit","orderId":132,"instId":1001,"side":"Sell","px":99.68696338149576,"qty":10}}
{"cat":"FILL","data":{"ts":"2026-01-11T14:55:29.4229847Z","fillId":131,"orderId":131,"instId":1001,"side":"Buy","px":99.58696338149576,"qty":10}}
{"cat":"FILL","data":{"ts":"2026-01-11T14:55:29.4230787Z","fillId":132,"orderId":132,"instId":1001,"side":"Sell","px":99.68696338149576,"qty":10}}
{"cat":"ORDER","data":{"ts":"2026-01-11T14:55:29.5058029Z","type":"OrderSubmit","orderId":133,"instId":1001,"side":"Buy","px":99.62392366715889,"qty":10}}
{"cat":"ORDER","data":{"ts":"2026-01-11T14:55:29.5059027Z","type":"OrderSubmit","orderId":134,"instId":1001,"side":"Sell","px":99.72392366715889,"qty":10}}
{"cat":"FILL","data":{"ts":"2026-01-11T14:55:29.5307791Z","fillId":133,"orderId":133,"instId":1001,"side":"Buy","px":99.62392366715889,"qty":10}}
{"cat":"SYSTEM","data":{"ts":"2026-01-11T14:55:29.5462447Z","level":"INFO","comp":"EXECUTION","msg":"Partial fill for Order 134: 9/10"}}
