{"cat":"ORDER","data":{"ts":"2026-01-11T17:49:04.8779598Z","type":"OrderSubmit","orderId":0,"instId":1001,"side":"Buy","px":99.90667469348138,"qty":10}}
{"cat":"PNL","data":{"ts":"2026-01-11T17:49:04.9010105Z","instId":1001,"pos":10,"realPnL":0,"unrealPnL":0}}
{"cat":"PNL","data":{"ts":"2026-01-11T17:49:04.8755437Z","instId":1001,"pos":0,"realPnL":0,"unrealPnL":0}}
{"cat":"PNL","data":{"ts":"2026-01-11T17:49:04.9117367Z","instId":1001,"pos":10,"realPnL":0,"unrealPnL":0.4999999999999716}}
{"cat":"ORDER","data":{"ts":"2026-01-11T17:49:04.9117649Z","type":"OrderSubmit","orderId":0,"instId":1001,"side":"Sell","px":100.00667469348137,"qty":10}}
{"cat":"FILL","data":{"ts":"2026-01-11T17:49:04.9124558Z","fillId":1,"orderId":0,"instId":1001,"side":"Buy","px":99.90667469348138,"qty":10}}
{"cat":"PNL","data":{"ts":"2026-01-11T17:49:04.9313114Z","instId":1001,"pos":0,"realPnL":0.9999999999999432,"unrealPnL":0.4999999999999716}}
{"cat":"PNL","data":{"ts":"2026-01-11T17:49:04.9313942Z","instId":1001,"pos":0,"realPnL":0.9999999999999432,"unrealPnL":0}}
{"cat":"FILL","data":{"ts":"2026-01-11T17:49:04.9314553Z","fillId":2,"orderId":0,"instId":1001,"side":"Sell","px":100.00667469348137,"qty":10}}
{"cat":"PNL","data":{"ts":"2026-01-11T17:49:05.0117924Z","instId":1001,"pos":0,"realPnL":0.9999999999999432,"unrealPnL":0}}
{"cat":"ORDER","data":{"ts":"2026-01-11T17:49:05.0133712Z","type":"OrderSubmit","orderId":0,"instId":1001,"side":"Buy","px":99.86369064436931,"qty":10}}
{"cat":"ORDER","data":{"ts":"2026-01-11T17:49:05.0136373Z","type":"OrderSubmit","orderId":0,"instId":1001,"side":"Sell","px":99.96369064436931,"qty":10}}
{"cat":"PNL","data":{"ts":"2026-01-11T17:49:05.0291485Z","instId":1001,"pos":10,"realPnL":0.9999999999999432,"unrealPnL":0}}
{"cat":"PNL","data":{"ts":"2026-01-11T17:49:05.0292613Z","instId":1001,"pos":10,"realPnL":0.9999999999999432,"unrealPnL":0.4999999999999716}}
{"cat":"FILL","data":{"ts":"2026-01-11T17:49:05.0292955Z","fillId":3,"orderId":0,"instId":1001,"side":"Buy","px":99.86369064436931,"qty":10}}
{"cat":"PNL","data":{"ts":"2026-01-11T17:49:05.0446933Z","instId":1001,"pos":0,"realPnL":1.9999999999998863,"unrealPnL":0.4999999999999716}}
{"cat":"PNL","data":{"ts":"2026-01-11T17:49:05.0447964Z","instId":1001,"pos":0,"realPnL":1.9999999999998863,"unrealPnL":0}}
{"cat":"FILL","data":{"ts":"2026-01-11T17:49:05.0448319Z","fillId":4,"orderId":0,"instId":1001,"side":"Sell","px":99.96369064436931,"qty":10}}
{"cat":"PNL","data":{"ts":"2026-01-11T17:49:05.1226138Z","instId":1001,"pos":0,"realPnL":1.9999999999998863,"unrealPnL":0}}
{"cat":"ORDER","data":{"ts":"2026-01-11T17:49:05.1378196Z","type":"OrderSubmit","orderId":0,"instId":1001,"side":"Buy","px":99.8911671578843,"qty":10}}
{"cat":"ORDER","data":{"ts":"2026-01-11T17:49:05.1379425Z","type":"OrderSubmit","orderId":0,"instId":1001,"side":"Sell","px":99.99116715788429,"qty":10}}
{"cat":"PNL","data":{"ts":"2026-01-11T17:49:05.1529968Z","instId":1001,"pos":10,"realPnL":1.9999999999998863,"unrealPnL":0}}
{"cat":"PNL","data":{"ts":"2026-01-11T17:49:05.1530872Z","instId":1001,"pos":10,"realPnL":1.9999999999998863,"unrealPnL":0.4999999999999716}}
{"cat":"FILL","data":{"ts":"2026-01-11T17:49:05.1531208Z","fillId":5,"orderId":0,"instId":1001,"side":"Buy","px":99.8911671578843,"qty":10}}
{"cat":"PNL","data":{"ts":"2026-01-11T17:49:05.1620905Z","instId":1001,"pos":0,"realPnL":2.9999999999998295,"unrealPnL":0.4999999999999716}}
{"cat":"PNL","data":{"ts":"2026-01-11T17:49:05.1621802Z","instId":1001,"pos":0,"realPnL":2.9999999999998295,"unrealPnL":0}}
{"cat":"FILL","data":{"ts":"2026-01-11T17:49:05.1622129Z","fillId":6,"orderId":0,"instId":1001,"side":"Sell","px":99.99116715788429,"qty":10}}
{"cat":"PNL","data":{"ts":"2026-01-11T17:49:05.2315909Z","instId":1001,"pos":0,"realPnL":2.9999999999998295,"unrealPnL":0}}
{"cat":"ORDER","data":{"ts":"2026-01-11T17:49:05.2461786Z","type":"OrderSubmit","orderId":0,"instId":1001,"side":"Buy","px":99.89228108476023,"qty":10}}
{"cat":"ORDER","data":{"ts":"2026-01-11T17:49:05.2462963Z","type":"OrderSubmit","orderId":0,"instId":1001,"side":"Sell","px":99.99228108476022,"qty":10}}
{"cat":"PNL","data":{"ts":"2026-01-11T17:49:05.2484754Z","instId":1001,"pos":10,"realPnL":2.9999999999998295,"unrealPnL":0}}
{"cat":"PNL","data":{"ts":"2026-01-11T17:49:05.2485260Z","instId":1001,"pos":10,"realPnL":2.9999999999998295,"unrealPnL":0.4999999999999716}}
{"cat":"FILL","data":{"ts":"2026-01-11T17:49:05.2485472Z","fillId":7,"orderId":0,"instId":1001,"side":"Buy","px":99.89228108476023,"qty":10}}
{"cat":"PNL","data":{"ts":"2026-01-11T17:49:05.2622799Z","instId":1001,"pos":0,"realPnL":3.9999999999997726,"unrealPnL":0.4999999999999716}}
{"cat":"PNL","data":{"ts":"2026-01-11T17:49:05.2623414Z","instId":1001,"pos":0,"realPnL":3.9999999999997726,"unrealPnL":0}}
{"cat":"FILL","data":{"ts":"2026-01-11T17:49:05.2623687Z","fillId":8,"orderId":0,"instId":1001,"side":"Sell","px":99.99228108476022,"qty":10}}
{"cat":"PNL","data":{"ts":"2026-01-11T17:49:05.3327604Z","instId":1001,"pos":0,"realPnL":3.9999999999997726,"unrealPnL":0}}
{"cat":"ORDER","data":{"ts":"2026-01-11T17:49:05.3372040Z","type":"OrderSubmit","orderId":0,"instId":1001,"side":"Buy","px":99.9220301406095,"qty":10}}
{"cat":"ORDER","data":{"ts":"2026-01-11T17:49:05.3372810Z","type":"OrderSubmit","orderId":0,"instId":1001,"side":"Sell","px":100.02203014060949,"qty":10}}
{"cat":"PNL","data":{"ts":"2026-01-11T17:49:05.3459260Z","instId":1001,"pos":10,"realPnL":3.9999999999997726,"unrealPnL":0}}
{"cat":"PNL","data":{"ts":"2026-01-11T17:49:05.3460139Z","instId":1001,"pos":10,"realPnL":3.9999999999997726,"unrealPnL":0.4999999999999716}}
{"cat":"FILL","data":{"ts":"2026-01-11T17:49:05.3460594Z","fillId":9,"orderId":0,"instId":1001,"side":"Buy","px":99.9220301406095,"qty":10}}
{"cat":"PNL","data":{"ts":"2026-01-11T17:49:05.3492428Z","instId":1001,"pos":0,"realPnL":4.999999999999716,"unrealPnL":0.4999999999999716}}
{"cat":"PNL","data":{"ts":"2026-01-11T17:49:05.3492972Z","instId":1001,"pos":0,"realPnL":4.999999999999716,"unrealPnL":0}}
{"cat":"FILL","data":{"ts":"2026-01-11T17:49:05.3493228Z","fillId":10,"orderId":0,"instId":1001,"side":"Sell","px":100.02203014060949,"qty":10}}
{"cat":"PNL","data":{"ts":"2026-01-11T17:49:05.4375076Z","instId":1001,"pos":0,"realPnL":4.999999999999716,"unrealPnL":0}}
{"cat":"ORDER","data":{"ts":"2026-01-11T17:49:05.4456067Z","type":"OrderSubmit","orderId":0,"instId":1001,"side":"Buy","px":99.95476096971183,"qty":10}}
{"cat":"ORDER","data":{"ts":"2026-01-11T17:49:05.4456847Z","type":"OrderSubmit","orderId":0,"instId":1001,"side":"Sell","px":100.05476096971182,"qty":10}}
{"cat":"PNL","data":{"ts":"2026-01-11T17:49:05.4769055Z","instId":1001,"pos":10,"realPnL":4.999999999999716,"unrealPnL":0}}
{"cat":"PNL","data":{"ts":"2026-01-11T17:49:05.4770226Z","instId":1001,"pos":10,"realPnL":4.999999999999716,"unrealPnL":0.4999999999999716}}
{"cat":"FILL","data":{"ts":"2026-01-11T17:49:05.4770733Z","fillId":11,"orderId":0,"instId":1001,"side":"Buy","px":99.95476096971183,"qty":10}}
{"cat":"SYSTEM","data":{"ts":"2026-01-11T17:49:05.4854293Z","level":"INFO","comp":"EXECUTION","msg":"Partial fill for Order 0: 6/10"}}
{"cat":"PNL","data":{"ts":"2026-01-11T17:49:05.4894185Z","instId":1001,"pos":4,"realPnL":5.599999999999682,"unrealPnL":0.4999999999999716}}
{"cat":"PNL","data":{"ts":"2026-01-11T17:49:05.4894546Z","instId":1001,"pos":4,"realPnL":5.599999999999682,"unrealPnL":0.19999999999998863}}
{"cat":"FILL","data":{"ts":"2026-01-11T17:49:05.4894993Z","fillId":12,"orderId":0,"instId":1001,"side":"Sell","px":100.05476096971182,"qty":6}}
{"cat":"PNL","data":{"ts":"2026-01-11T17:49:05.5459829Z","instId":1001,"pos":4,"realPnL":5.599999999999682,"unrealPnL":0.06638351812324572}}
{"cat":"ORDER","data":{"ts":"2026-01-11T17:49:05.5476890Z","type":"OrderSubmit","orderId":0,"instId":1001,"side":"Buy","px":99.92135684924264,"qty":10}}
{"cat":"ORDER","data":{"ts":"2026-01-11T17:49:05.5478135Z","type":"OrderSubmit","orderId":0,"instId":1001,"side":"Sell","px":100.02135684924264,"qty":10}}
{"cat":"PNL","data":{"ts":"2026-01-11T17:49:05.5778933Z","instId":1001,"pos":14,"realPnL":5.599999999999682,"unrealPnL":0.06638351812324572}}
{"cat":"PNL","data":{"ts":"2026-01-11T17:49:05.5780112Z","instId":1001,"pos":14,"realPnL":5.599999999999682,"unrealPnL":0.5663835181231036}}
{"cat":"FILL","data":{"ts":"2026-01-11T17:49:05.5780560Z","fillId":13,"orderId":0,"instId":1001,"side":"Buy","px":99.92135684924264,"qty":10}}
{"cat":"PNL","data":{"ts":"2026-01-11T17:49:05.5822973Z","instId":1001,"pos":4,"realPnL":6.50455965580187,"unrealPnL":0.5663835181231036}}
{"cat":"PNL","data":{"ts":"2026-01-11T17:49:05.5823566Z","instId":1001,"pos":4,"realPnL":6.50455965580187,"unrealPnL":0.16182386232088675}}
{"cat":"FILL","data":{"ts":"2026-01-11T17:49:05.5823830Z","fillId":14,"orderId":0,"instId":1001,"side":"Sell","px":100.02135684924264,"qty":10}}
{"cat":"PNL","data":{"ts":"2026-01-11T17:49:05.6484368Z","instId":1001,"pos":4,"realPnL":6.50455965580187,"unrealPnL":0.25627611171677245}}
{"cat":"ORDER","data":{"ts":"2026-01-11T17:49:05.6637316Z","type":"OrderSubmit","orderId":0,"instId":1001,"side":"Buy","px":99.94496991159161,"qty":10}}
{"cat":"ORDER","data":{"ts":"2026-01-11T17:49:05.6638038Z","type":"OrderSubmit","orderId":0,"instId":1001,"side":"Sell","px":100.04496991159161,"qty":10}}
{"cat":"PNL","data":{"ts":"2026-01-11T17:49:05.6786219Z","instId":1001,"pos":14,"realPnL":6.50455965580187,"unrealPnL":0.25627611171677245}}
{"cat":"PNL","data":{"ts":"2026-01-11T17:49:05.6786944Z","instId":1001,"pos":14,"realPnL":6.50455965580187,"unrealPnL":0.7562761117167156}}
{"cat":"FILL","data":{"ts":"2026-01-11T17:49:05.6787264Z","fillId":15,"orderId":0,"instId":1001,"side":"Buy","px":99.94496991159161,"qty":10}}
{"cat":"PNL","data":{"ts":"2026-01-11T17:49:05.6820045Z","instId":1001,"pos":4,"realPnL":7.544756878456639,"unrealPnL":0.7562761117167156}}
{"cat":"PNL","data":{"ts":"2026-01-11T17:49:05.6820429Z","instId":1001,"pos":4,"realPnL":7.544756878456639,"unrealPnL":0.21607888906191874}}
{"cat":"FILL","data":{"ts":"2026-01-11T17:49:05.6820781Z","fillId":16,"orderId":0,"instId":1001,"side":"Sell","px":100.04496991159161,"qty":10}}
{"cat":"PNL","data":{"ts":"2026-01-11T17:49:05.7622962Z","instId":1001,"pos":4,"realPnL":7.544756878456639,"unrealPnL":0.12016543496520171}}
{"cat":"ORDER","data":{"ts":"2026-01-11T17:49:05.7790939Z","type":"OrderSubmit","orderId":0,"instId":1001,"side":"Buy","px":99.92099154806743,"qty":10}}
{"cat":"ORDER","data":{"ts":"2026-01-11T17:49:05.7791721Z","type":"OrderSubmit","orderId":0,"instId":1001,"side":"Sell","px":100.02099154806743,"qty":10}}
{"cat":"SYSTEM","data":{"ts":"2026-01-11T17:49:05.7957446Z","level":"INFO","comp":"EXECUTION","msg":"Partial fill for Order 0: 3/10"}}
{"cat":"PNL","data":{"ts":"2026-01-11T17:49:05.7958042Z","instId":1001,"pos":7,"realPnL":7.544756878456639,"unrealPnL":0.12016543496520171}}
{"cat":"PNL","data":{"ts":"2026-01-11T17:49:05.7958151Z","instId":1001,"pos":7,"realPnL":7.544756878456639,"unrealPnL":0.2701654349652074}}
{"cat":"FILL","data":{"ts":"2026-01-11T17:49:05.7958484Z","fillId":17,"orderId":0,"instId":1001,"side":"Buy","px":99.92099154806743,"qty":3}}
{"cat":"PNL","data":{"ts":"2026-01-11T17:49:05.8042764Z","instId":1001,"pos":-3,"realPnL":8.164922313421826,"unrealPnL":0.2701654349652074}}
{"cat":"PNL","data":{"ts":"2026-01-11T17:49:05.8043260Z","instId":1001,"pos":-3,"realPnL":8.164922313421826,"unrealPnL":-0.11578518641366031}}
{"cat":"FILL","data":{"ts":"2026-01-11T17:49:05.8043539Z","fillId":18,"orderId":0,"instId":1001,"side":"Sell","px":100.02099154806743,"qty":10}}
{"cat":"PNL","data":{"ts":"2026-01-11T17:49:05.8778600Z","instId":1001,"pos":-3,"realPnL":8.164922313421826,"unrealPnL":-0.11758664173807176}}
{"cat":"ORDER","data":{"ts":"2026-01-11T17:49:05.8795069Z","type":"OrderSubmit","orderId":0,"instId":1001,"side":"Buy","px":99.92159203317557,"qty":10}}
{"cat":"ORDER","data":{"ts":"2026-01-11T17:49:05.8795445Z","type":"OrderSubmit","orderId":0,"instId":1001,"side":"Sell","px":100.02159203317557,"qty":10}}
{"cat":"PNL","data":{"ts":"2026-01-11T17:49:05.8855646Z","instId":1001,"pos":7,"realPnL":8.197335671683746,"unrealPnL":-0.11758664173807176}}
{"cat":"PNL","data":{"ts":"2026-01-11T17:49:05.8856225Z","instId":1001,"pos":7,"realPnL":8.197335671683746,"unrealPnL":0.27436883072216744}}
{"cat":"FILL","data":{"ts":"2026-01-11T17:49:05.8856517Z","fillId":19,"orderId":0,"instId":1001,"side":"Buy","px":99.92159203317557,"qty":10}}
{"cat":"PNL","data":{"ts":"2026-01-11T17:49:05.8954826Z","instId":1001,"pos":-3,"realPnL":8.821704502405893,"unrealPnL":0.27436883072216744}}
{"cat":"PNL","data":{"ts":"2026-01-11T17:49:05.8955307Z","instId":1001,"pos":-3,"realPnL":8.821704502405893,"unrealPnL":-0.11758664173807176}}
{"cat":"FILL","data":{"ts":"2026-01-11T17:49:05.8955667Z","fillId":20,"orderId":0,"instId":1001,"side":"Sell","px":100.02159203317557,"qty":10}}
{"cat":"PNL","data":{"ts":"2026-01-11T17:49:05.9792675Z","instId":1001,"pos":-3,"realPnL":8.821704502405893,"unrealPnL":-0.03666875843184414}}
{"cat":"ORDER","data":{"ts":"2026-01-11T17:49:05.9948547Z","type":"OrderSubmit","orderId":0,"instId":1001,"side":"Buy","px":99.89461940540683,"qty":10}}
{"cat":"ORDER","data":{"ts":"2026-01-11T17:49:05.9949132Z","type":"OrderSubmit","orderId":0,"instId":1001,"side":"Sell","px":99.99461940540682,"qty":10}}
{"cat":"PNL","data":{"ts":"2026-01-11T17:49:06.0124048Z","instId":1001,"pos":7,"realPnL":8.93503574397404,"unrealPnL":-0.03666875843184414}}
{"cat":"PNL","data":{"ts":"2026-01-11T17:49:06.0124438Z","instId":1001,"pos":7,"realPnL":8.93503574397404,"unrealPnL":0.08556043634096966}}
{"cat":"FILL","data":{"ts":"2026-01-11T17:49:06.0124704Z","fillId":21,"orderId":0,"instId":1001,"side":"Buy","px":99.89461940540683,"qty":10}}
{"cat":"PNL","data":{"ts":"2026-01-11T17:49:06.0208600Z","instId":1001,"pos":-3,"realPnL":9.37059618031499,"unrealPnL":0.08556043634096966}}
{"cat":"PNL","data":{"ts":"2026-01-11T17:49:06.0208991Z","instId":1001,"pos":-3,"realPnL":9.37059618031499,"unrealPnL":-0.03666875843184414}}
{"cat":"FILL","data":{"ts":"2026-01-11T17:49:06.0209300Z","fillId":22,"orderId":0,"instId":1001,"side":"Sell","px":99.99461940540682,"qty":10}}
{"cat":"PNL","data":{"ts":"2026-01-11T17:49:06.0872036Z","instId":1001,"pos":-3,"realPnL":9.37059618031499,"unrealPnL":-0.0028108914107889404}}
{"cat":"ORDER","data":{"ts":"2026-01-11T17:49:06.0953315Z","type":"OrderSubmit","orderId":0,"instId":1001,"side":"Buy","px":99.88333344973314,"qty":10}}
{"cat":"ORDER","data":{"ts":"2026-01-11T17:49:06.0953751Z","type":"OrderSubmit","orderId":0,"instId":1001,"side":"Sell","px":99.98333344973314,"qty":10}}
{"cat":"PNL","data":{"ts":"2026-01-11T17:49:06.1111353Z","instId":1001,"pos":7,"realPnL":9.517785288904193,"unrealPnL":-0.0028108914107889404}}
{"cat":"PNL","data":{"ts":"2026-01-11T17:49:06.1111791Z","instId":1001,"pos":7,"realPnL":9.517785288904193,"unrealPnL":0.006558746625174194}}
{"cat":"FILL","data":{"ts":"2026-01-11T17:49:06.1112011Z","fillId":23,"orderId":0,"instId":1001,"side":"Buy","px":99.88333344973314,"qty":10}}
{"cat":"PNL","data":{"ts":"2026-01-11T17:49:06.1213443Z","instId":1001,"pos":-3,"realPnL":9.874344035529347,"unrealPnL":0.006558746625174194}}
{"cat":"PNL","data":{"ts":"2026-01-11T17:49:06.1213776Z","instId":1001,"pos":-3,"realPnL":9.874344035529347,"unrealPnL":-0.0028108914107889404}}
{"cat":"FILL","data":{"ts":"2026-01-11T17:49:06.1213965Z","fillId":24,"orderId":0,"instId":1001,"side":"Sell","px":99.98333344973314,"qty":10}}
{"cat":"PNL","data":{"ts":"2026-01-11T17:49:06.1947881Z","instId":1001,"pos":-3,"realPnL":9.874344035529347,"unrealPnL":0.08239492405867566}}
{"cat":"ORDER","data":{"ts":"2026-01-11T17:49:06.2043223Z","type":"OrderSubmit","orderId":0,"instId":1001,"side":"Buy","px":99.85493151124332,"qty":10}}
{"cat":"ORDER","data":{"ts":"2026-01-11T17:49:06.2043572Z","type":"OrderSubmit","orderId":0,"instId":1001,"side":"Sell","px":99.95493151124332,"qty":10}}
{"cat":"PNL","data":{"ts":"2026-01-11T17:49:06.2205935Z","instId":1001,"pos":7,"realPnL":10.106738959588014,"unrealPnL":0.08239492405867566}}
{"cat":"PNL","data":{"ts":"2026-01-11T17:49:06.2206390Z","instId":1001,"pos":7,"realPnL":10.106738959588014,"unrealPnL":-0.19225482280357653}}
{"cat":"FILL","data":{"ts":"2026-01-11T17:49:06.2207081Z","fillId":25,"orderId":0,"instId":1001,"side":"Buy","px":99.85493151124332,"qty":10}}
{"cat":"PNL","data":{"ts":"2026-01-11T17:49:06.2358837Z","instId":1001,"pos":-3,"realPnL":10.264484136784418,"unrealPnL":-0.19225482280357653}}
{"cat":"PNL","data":{"ts":"2026-01-11T17:49:06.2359322Z","instId":1001,"pos":-3,"realPnL":10.264484136784418,"unrealPnL":0.08239492405867566}}
{"cat":"FILL","data":{"ts":"2026-01-11T17:49:06.2359542Z","fillId":26,"orderId":0,"instId":1001,"side":"Sell","px":99.95493151124332,"qty":10}}
{"cat":"PNL","data":{"ts":"2026-01-11T17:49:06.2954952Z","instId":1001,"pos":-3,"realPnL":10.264484136784418,"unrealPnL":0.22615165858900355}}
{"cat":"ORDER","data":{"ts":"2026-01-11T17:49:06.3108182Z","type":"OrderSubmit","orderId":0,"instId":1001,"side":"Buy","px":99.80701259973321,"qty":10}}
{"cat":"ORDER","data":{"ts":"2026-01-11T17:49:06.3108558Z","type":"OrderSubmit","orderId":0,"instId":1001,"side":"Sell","px":99.9070125997332,"qty":10}}
{"cat":"PNL","data":{"ts":"2026-01-11T17:49:06.3265675Z","instId":1001,"pos":7,"realPnL":10.640635795373413,"unrealPnL":0.22615165858900355}}
{"cat":"PNL","data":{"ts":"2026-01-11T17:49:06.3266147Z","instId":1001,"pos":7,"realPnL":10.640635795373413,"unrealPnL":-0.5276872033743416}}
{"cat":"FILL","data":{"ts":"2026-01-11T17:49:06.3266394Z","fillId":27,"orderId":0,"instId":1001,"side":"Buy","px":99.80701259973321,"qty":10}}
{"cat":"PNL","data":{"ts":"2026-01-11T17:49:06.3369562Z","instId":1001,"pos":-3,"realPnL":10.462948591999051,"unrealPnL":-0.5276872033743416}}
{"cat":"PNL","data":{"ts":"2026-01-11T17:49:06.3369977Z","instId":1001,"pos":-3,"realPnL":10.462948591999051,"unrealPnL":0.22615165858900355}}
{"cat":"FILL","data":{"ts":"2026-01-11T17:49:06.3370232Z","fillId":28,"orderId":0,"instId":1001,"side":"Sell","px":99.9070125997332,"qty":10}}
{"cat":"PNL","data":{"ts":"2026-01-11T17:49:06.3998500Z","instId":1001,"pos":-3,"realPnL":10.462948591999051,"unrealPnL":0.3357015778997692}}
{"cat":"ORDER","data":{"ts":"2026-01-11T17:49:06.4075972Z","type":"OrderSubmit","orderId":0,"instId":1001,"side":"Buy","px":99.77049595996296,"qty":10}}
{"cat":"ORDER","data":{"ts":"2026-01-11T17:49:06.4076444Z","type":"OrderSubmit","orderId":0,"instId":1001,"side":"Sell","px":99.87049595996295,"qty":10}}
{"cat":"PNL","data":{"ts":"2026-01-11T17:49:06.4125500Z","instId":1001,"pos":7,"realPnL":10.948650169898812,"unrealPnL":0.3357015778997692}}
{"cat":"PNL","data":{"ts":"2026-01-11T17:49:06.4125736Z","instId":1001,"pos":7,"realPnL":10.948650169898812,"unrealPnL":-0.7833036817661281}}
{"cat":"FILL","data":{"ts":"2026-01-11T17:49:06.4125918Z","fillId":29,"orderId":0,"instId":1001,"side":"Buy","px":99.77049595996296,"qty":10}}
{"cat":"PNL","data":{"ts":"2026-01-11T17:49:06.4204158Z","instId":1001,"pos":-3,"realPnL":10.515346488132664,"unrealPnL":-0.7833036817661281}}
{"cat":"PNL","data":{"ts":"2026-01-11T17:49:06.4204531Z","instId":1001,"pos":-3,"realPnL":10.515346488132664,"unrealPnL":0.3357015778997692}}
{"cat":"FILL","data":{"ts":"2026-01-11T17:49:06.4204913Z","fillId":30,"orderId":0,"instId":1001,"side":"Sell","px":99.87049595996295,"qty":10}}
{"cat":"PNL","data":{"ts":"2026-01-11T17:49:06.5024180Z","instId":1001,"pos":-3,"realPnL":10.515346488132664,"unrealPnL":0.26345205783158576}}
{"cat":"ORDER","data":{"ts":"2026-01-11T17:49:06.5129386Z","type":"OrderSubmit","orderId":0,"instId":1001,"side":"Buy","px":99.79457913331902,"qty":10}}
{"cat":"ORDER","data":{"ts":"2026-01-11T17:49:06.5129828Z","type":"OrderSubmit","orderId":0,"instId":1001,"side":"Sell","px":99.89457913331901,"qty":10}}
{"cat":"PNL","data":{"ts":"2026-01-11T17:49:06.5201749Z","instId":1001,"pos":7,"realPnL":10.928798545964241,"unrealPnL":0.26345205783158576}}
{"cat":"PNL","data":{"ts":"2026-01-11T17:49:06.5202241Z","instId":1001,"pos":7,"realPnL":10.928798545964241,"unrealPnL":-0.6147214682737001}}
{"cat":"FILL","data":{"ts":"2026-01-11T17:49:06.5202492Z","fillId":31,"orderId":0,"instId":1001,"side":"Buy","px":99.79457913331902,"qty":10}}
{"cat":"PNL","data":{"ts":"2026-01-11T17:49:06.5351573Z","instId":1001,"pos":-3,"realPnL":10.664077077690521,"unrealPnL":-0.6147214682737001}}
{"cat":"PNL","data":{"ts":"2026-01-11T17:49:06.5352056Z","instId":1001,"pos":-3,"realPnL":10.664077077690521,"unrealPnL":0.26345205783158576}}
{"cat":"FILL","data":{"ts":"2026-01-11T17:49:06.5352307Z","fillId":32,"orderId":0,"instId":1001,"side":"Sell","px":99.89457913331901,"qty":10}}
{"cat":"PNL","data":{"ts":"2026-01-11T17:49:06.6073060Z","instId":1001,"pos":-3,"realPnL":10.664077077690521,"unrealPnL":0.354924737460351}}
{"cat":"ORDER","data":{"ts":"2026-01-11T17:49:06.6222488Z","type":"OrderSubmit","orderId":0,"instId":1001,"side":"Buy","px":99.76408824010943,"qty":10}}
{"cat":"ORDER","data":{"ts":"2026-01-11T17:49:06.6223042Z","type":"OrderSubmit","orderId":0,"instId":1001,"side":"Sell","px":99.86408824010942,"qty":10}}
{"cat":"PNL","data":{"ts":"2026-01-11T17:49:06.6291506Z","instId":1001,"pos":7,"realPnL":11.169001815150864,"unrealPnL":0.354924737460351}}
{"cat":"PNL","data":{"ts":"2026-01-11T17:49:06.6291977Z","instId":1001,"pos":7,"realPnL":11.169001815150864,"unrealPnL":-0.8281577207408191}}
{"cat":"FILL","data":{"ts":"2026-01-11T17:49:06.6292194Z","fillId":33,"orderId":0,"instId":1001,"side":"Buy","px":99.76408824010943,"qty":10}}
{"cat":"PNL","data":{"ts":"2026-01-11T17:49:06.6447464Z","instId":1001,"pos":-3,"realPnL":10.690844094410025,"unrealPnL":-0.8281577207408191}}
{"cat":"PNL","data":{"ts":"2026-01-11T17:49:06.6447997Z","instId":1001,"pos":-3,"realPnL":10.690844094410025,"unrealPnL":0.354924737460351}}
{"cat":"FILL","data":{"ts":"2026-01-11T17:49:06.6448330Z","fillId":34,"orderId":0,"instId":1001,"side":"Sell","px":99.86408824010942,"qty":10}}
{"cat":"PNL","data":{"ts":"2026-01-11T17:49:06.7123719Z","instId":1001,"pos":-3,"realPnL":10.690844094410025,"unrealPnL":0.23881286769206156}}
{"cat":"ORDER","data":{"ts":"2026-01-11T17:49:06.7152477Z","type":"OrderSubmit","orderId":0,"instId":1001,"side":"Buy","px":99.80279219669886,"qty":10}}
{"cat":"ORDER","data":{"ts":"2026-01-11T17:49:06.7152941Z","type":"OrderSubmit","orderId":0,"instId":1001,"side":"Sell","px":99.90279219669885,"qty":10}}
{"cat":"PNL","data":{"ts":"2026-01-11T17:49:06.7286135Z","instId":1001,"pos":7,"realPnL":11.079656962102078,"unrealPnL":0.23881286769206156}}
{"cat":"PNL","data":{"ts":"2026-01-11T17:49:06.7286569Z","instId":1001,"pos":7,"realPnL":11.079656962102078,"unrealPnL":-0.5572300246148103}}
{"cat":"FILL","data":{"ts":"2026-01-11T17:49:06.7286784Z","fillId":35,"orderId":0,"instId":1001,"side":"Buy","px":99.80279219669886,"qty":10}}
{"cat":"PNL","data":{"ts":"2026-01-11T17:49:06.7311348Z","instId":1001,"pos":-3,"realPnL":10.872426937487248,"unrealPnL":-0.5572300246148103}}
{"cat":"PNL","data":{"ts":"2026-01-11T17:49:06.7311657Z","instId":1001,"pos":-3,"realPnL":10.872426937487248,"unrealPnL":0.23881286769206156}}
{"cat":"FILL","data":{"ts":"2026-01-11T17:49:06.7311852Z","fillId":36,"orderId":0,"instId":1001,"side":"Sell","px":99.90279219669885,"qty":10}}
{"cat":"PNL","data":{"ts":"2026-01-11T17:49:06.8150692Z","instId":1001,"pos":-3,"realPnL":10.872426937487248,"unrealPnL":0.13048268362990711}}
{"cat":"ORDER","data":{"ts":"2026-01-11T17:49:06.8302794Z","type":"OrderSubmit","orderId":0,"instId":1001,"side":"Buy","px":99.83890225805291,"qty":10}}
{"cat":"ORDER","data":{"ts":"2026-01-11T17:49:06.8305735Z","type":"OrderSubmit","orderId":0,"instId":1001,"side":"Sell","px":99.9389022580529,"qty":10}}
{"cat":"PNL","data":{"ts":"2026-01-11T17:49:06.8369742Z","instId":1001,"pos":7,"realPnL":11.152909621117146,"unrealPnL":0.13048268362990711}}
{"cat":"PNL","data":{"ts":"2026-01-11T17:49:06.8370048Z","instId":1001,"pos":7,"realPnL":11.152909621117146,"unrealPnL":-0.30445959513644993}}
{"cat":"FILL","data":{"ts":"2026-01-11T17:49:06.8370233Z","fillId":37,"orderId":0,"instId":1001,"side":"Buy","px":99.83890225805291,"qty":10}}
{"cat":"PNL","data":{"ts":"2026-01-11T17:49:06.8482105Z","instId":1001,"pos":-3,"realPnL":11.198450025980677,"unrealPnL":-0.30445959513644993}}
{"cat":"PNL","data":{"ts":"2026-01-11T17:49:06.8482481Z","instId":1001,"pos":-3,"realPnL":11.198450025980677,"unrealPnL":0.13048268362990711}}
{"cat":"FILL","data":{"ts":"2026-01-11T17:49:06.8482685Z","fillId":38,"orderId":0,"instId":1001,"side":"Sell","px":99.9389022580529,"qty":10}}
{"cat":"PNL","data":{"ts":"2026-01-11T17:49:06.9288508Z","instId":1001,"pos":-3,"realPnL":11.198450025980677,"unrealPnL":0.17282316448850565}}
{"cat":"ORDER","data":{"ts":"2026-01-11T17:49:06.9368095Z","type":"OrderSubmit","orderId":0,"instId":1001,"side":"Buy","px":99.82478876443338,"qty":10}}
{"cat":"ORDER","data":{"ts":"2026-01-11T17:49:06.9368339Z","type":"OrderSubmit","orderId":0,"instId":1001,"side":"Sell","px":99.92478876443337,"qty":10}}
{"cat":"PNL","data":{"ts":"2026-01-11T17:49:06.9455801Z","instId":1001,"pos":7,"realPnL":11.521273190469174,"unrealPnL":0.17282316448850565}}
{"cat":"PNL","data":{"ts":"2026-01-11T17:49:06.9456184Z","instId":1001,"pos":7,"realPnL":11.521273190469174,"unrealPnL":-0.40325405047317986}}
{"cat":"FILL","data":{"ts":"2026-01-11T17:49:06.9456394Z","fillId":39,"orderId":0,"instId":1001,"side":"Buy","px":99.82478876443338,"qty":10}}
{"cat":"PNL","data":{"ts":"2026-01-11T17:49:06.9606938Z","instId":1001,"pos":-3,"realPnL":11.468019139995974,"unrealPnL":-0.40325405047317986}}
{"cat":"PNL","data":{"ts":"2026-01-11T17:49:06.9607308Z","instId":1001,"pos":-3,"realPnL":11.468019139995974,"unrealPnL":0.17282316448850565}}
{"cat":"FILL","data":{"ts":"2026-01-11T17:49:06.9607608Z","fillId":40,"orderId":0,"instId":1001,"side":"Sell","px":99.92478876443337,"qty":10}}
{"cat":"PNL","data":{"ts":"2026-01-11T17:49:07.0328096Z","instId":1001,"pos":-3,"realPnL":11.468019139995974,"unrealPnL":0.29171248641962677}}
{"cat":"ORDER","data":{"ts":"2026-01-11T17:49:07.0368582Z","type":"OrderSubmit","orderId":0,"instId":1001,"side":"Buy","px":99.78515899045634,"qty":10}}
{"cat":"ORDER","data":{"ts":"2026-01-11T17:49:07.0369835Z","type":"OrderSubmit","orderId":0,"instId":1001,"side":"Sell","px":99.88515899045633,"qty":10}}
{"cat":"PNL","data":{"ts":"2026-01-11T17:49:07.0523210Z","instId":1001,"pos":7,"realPnL":11.909731626415592,"unrealPnL":0.29171248641962677}}
{"cat":"PNL","data":{"ts":"2026-01-11T17:49:07.0523897Z","instId":1001,"pos":7,"realPnL":11.909731626415592,"unrealPnL":-0.6806624683124625}}
{"cat":"FILL","data":{"ts":"2026-01-11T17:49:07.0524215Z","fillId":41,"orderId":0,"instId":1001,"side":"Buy","px":99.78515899045634,"qty":10}}
{"cat":"PNL","data":{"ts":"2026-01-11T17:49:07.0671668Z","instId":1001,"pos":-3,"realPnL":11.57906915810311,"unrealPnL":-0.6806624683124625}}
{"cat":"PNL","data":{"ts":"2026-01-11T17:49:07.0672218Z","instId":1001,"pos":-3,"realPnL":11.57906915810311,"unrealPnL":0.29171248641962677}}
{"cat":"FILL","data":{"ts":"2026-01-11T17:49:07.0672523Z","fillId":42,"orderId":0,"instId":1001,"side":"Sell","px":99.88515899045633,"qty":10}}
{"cat":"PNL","data":{"ts":"2026-01-11T17:49:07.1488096Z","instId":1001,"pos":-3,"realPnL":11.57906915810311,"unrealPnL":0.2828375709451052}}
{"cat":"ORDER","data":{"ts":"2026-01-11T17:49:07.1575033Z","type":"OrderSubmit","orderId":0,"instId":1001,"side":"Buy","px":99.78811729561451,"qty":10}}
{"cat":"ORDER","data":{"ts":"2026-01-11T17:49:07.1575522Z","type":"OrderSubmit","orderId":0,"instId":1001,"side":"Sell","px":99.8881172956145,"qty":10}}
{"cat":"PNL","data":{"ts":"2026-01-11T17:49:07.1733007Z","instId":1001,"pos":7,"realPnL":12.011906729048206,"unrealPnL":0.2828375709451052}}
{"cat":"PNL","data":{"ts":"2026-01-11T17:49:07.1733676Z","instId":1001,"pos":7,"realPnL":12.011906729048206,"unrealPnL":-0.6599543322052455}}
{"cat":"FILL","data":{"ts":"2026-01-11T17:49:07.1734065Z","fillId":43,"orderId":0,"instId":1001,"side":"Buy","px":99.78811729561451,"qty":10}}
{"cat":"PNL","data":{"ts":"2026-01-11T17:49:07.1824868Z","instId":1001,"pos":-3,"realPnL":11.701952396842941,"unrealPnL":-0.6599543322052455}}
{"cat":"PNL","data":{"ts":"2026-01-11T17:49:07.1825306Z","instId":1001,"pos":-3,"realPnL":11.701952396842941,"unrealPnL":0.2828375709451052}}
{"cat":"FILL","data":{"ts":"2026-01-11T17:49:07.1825608Z","fillId":44,"orderId":0,"instId":1001,"side":"Sell","px":99.8881172956145,"qty":10}}
{"cat":"PNL","data":{"ts":"2026-01-11T17:49:07.2498108Z","instId":1001,"pos":-3,"realPnL":11.701952396842941,"unrealPnL":0.32521106588515636}}
{"cat":"ORDER","data":{"ts":"2026-01-11T17:49:07.2534508Z","type":"OrderSubmit","orderId":0,"instId":1001,"side":"Buy","px":99.77399279730116,"qty":10}}
{"cat":"ORDER","data":{"ts":"2026-01-11T17:49:07.2535140Z","type":"OrderSubmit","orderId":0,"instId":1001,"side":"Sell","px":99.87399279730116,"qty":10}}
{"cat":"PNL","data":{"ts":"2026-01-11T17:49:07.2702750Z","instId":1001,"pos":7,"realPnL":12.177163462728089,"unrealPnL":0.32521106588515636}}
{"cat":"PNL","data":{"ts":"2026-01-11T17:49:07.2703361Z","instId":1001,"pos":7,"realPnL":12.177163462728089,"unrealPnL":-0.7588258203986982}}
{"cat":"FILL","data":{"ts":"2026-01-11T17:49:07.2703698Z","fillId":45,"orderId":0,"instId":1001,"side":"Buy","px":99.77399279730116,"qty":10}}
{"cat":"PNL","data":{"ts":"2026-01-11T17:49:07.2784196Z","instId":1001,"pos":-3,"realPnL":11.76833764232937,"unrealPnL":-0.7588258203986982}}
{"cat":"PNL","data":{"ts":"2026-01-11T17:49:07.2784731Z","instId":1001,"pos":-3,"realPnL":11.76833764232937,"unrealPnL":0.32521106588515636}}
{"cat":"FILL","data":{"ts":"2026-01-11T17:49:07.2784955Z","fillId":46,"orderId":0,"instId":1001,"side":"Sell","px":99.87399279730116,"qty":10}}
{"cat":"PNL","data":{"ts":"2026-01-11T17:49:07.3570991Z","instId":1001,"pos":-3,"realPnL":11.76833764232937,"unrealPnL":0.2629594215307236}}
{"cat":"ORDER","data":{"ts":"2026-01-11T17:49:07.3618916Z","type":"OrderSubmit","orderId":0,"instId":1001,"side":"Buy","px":99.7947433454193,"qty":10}}
{"cat":"ORDER","data":{"ts":"2026-01-11T17:49:07.3619270Z","type":"OrderSubmit","orderId":0,"instId":1001,"side":"Sell","px":99.8947433454193,"qty":10}}
{"cat":"PNL","data":{"ts":"2026-01-11T17:49:07.3848158Z","instId":1001,"pos":7,"realPnL":12.181297063860086,"unrealPnL":0.2629594215307236}}
{"cat":"PNL","data":{"ts":"2026-01-11T17:49:07.3848669Z","instId":1001,"pos":7,"realPnL":12.181297063860086,"unrealPnL":-0.6135719835716884}}
{"cat":"FILL","data":{"ts":"2026-01-11T17:49:07.3848942Z","fillId":47,"orderId":0,"instId":1001,"side":"Buy","px":99.7947433454193,"qty":10}}
{"cat":"RISK","data":{"ts":"2026-01-11T17:49:07.3959810Z","rule":"Venue","action":"Cancel","msg":"Order 0 cancelled by venue (No liquidity)"}}
{"cat":"PNL","data":{"ts":"2026-01-11T17:49:07.4620114Z","instId":1001,"pos":7,"realPnL":12.181297063860086,"unrealPnL":-0.5572396012418039}}
{"cat":"ORDER","data":{"ts":"2026-01-11T17:49:07.4775644Z","type":"OrderSubmit","orderId":0,"instId":1001,"side":"Buy","px":99.80279082860929,"qty":10}}
{"cat":"ORDER","data":{"ts":"2026-01-11T17:49:07.4776051Z","type":"OrderSubmit","orderId":0,"instId":1001,"side":"Sell","px":99.90279082860928,"qty":10}}
{"cat":"PNL","data":{"ts":"2026-01-11T17:49:07.4929274Z","instId":1001,"pos":17,"realPnL":12.181297063860086,"unrealPnL":-0.5572396012418039}}
{"cat":"PNL","data":{"ts":"2026-01-11T17:49:07.4929708Z","instId":1001,"pos":17,"realPnL":12.181297063860086,"unrealPnL":-0.057239601241761306}}
{"cat":"FILL","data":{"ts":"2026-01-11T17:49:07.4929905Z","fillId":48,"orderId":0,"instId":1001,"side":"Buy","px":99.80279082860929,"qty":10}}
{"cat":"PNL","data":{"ts":"2026-01-11T17:49:07.5085187Z","instId":1001,"pos":7,"realPnL":12.647626710188433,"unrealPnL":-0.057239601241761306}}
{"cat":"PNL","data":{"ts":"2026-01-11T17:49:07.5086401Z","instId":1001,"pos":7,"realPnL":12.647626710188433,"unrealPnL":-0.02356924757013701}}
{"cat":"FILL","data":{"ts":"2026-01-11T17:49:07.5087181Z","fillId":49,"orderId":0,"instId":1001,"side":"Sell","px":99.90279082860928,"qty":10}}
{"cat":"PNL","data":{"ts":"2026-01-11T17:49:07.5655910Z","instId":1001,"pos":7,"realPnL":12.647626710188433,"unrealPnL":0.060814578263929775}}
{"cat":"ORDER","data":{"ts":"2026-01-11T17:49:07.5784464Z","type":"OrderSubmit","orderId":0,"instId":1001,"side":"Buy","px":99.8148456608713,"qty":10}}
{"cat":"ORDER","data":{"ts":"2026-01-11T17:49:07.5784828Z","type":"OrderSubmit","orderId":0,"instId":1001,"side":"Sell","px":99.9148456608713,"qty":10}}
{"cat":"PNL","data":{"ts":"2026-01-11T17:49:07.6024352Z","instId":1001,"pos":17,"realPnL":12.647626710188433,"unrealPnL":0.060814578263929775}}
{"cat":"PNL","data":{"ts":"2026-01-11T17:49:07.6024865Z","instId":1001,"pos":17,"realPnL":12.647626710188433,"unrealPnL":0.5608145782637735}}
{"cat":"FILL","data":{"ts":"2026-01-11T17:49:07.6025078Z","fillId":50,"orderId":0,"instId":1001,"side":"Buy","px":99.8148456608713,"qty":10}}
{"cat":"PNL","data":{"ts":"2026-01-11T17:49:07.6117864Z","instId":1001,"pos":7,"realPnL":13.47751763857886,"unrealPnL":0.5608145782637735}}
{"cat":"PNL","data":{"ts":"2026-01-11T17:49:07.6118420Z","instId":1001,"pos":7,"realPnL":13.47751763857886,"unrealPnL":0.23092364987331848}}
{"cat":"FILL","data":{"ts":"2026-01-11T17:49:07.6118672Z","fillId":51,"orderId":0,"instId":1001,"side":"Sell","px":99.9148456608713,"qty":10}}
{"cat":"PNL","data":{"ts":"2026-01-11T17:49:07.6702305Z","instId":1001,"pos":7,"realPnL":13.47751763857886,"unrealPnL":0.3936712920442602}}
{"cat":"ORDER","data":{"ts":"2026-01-11T17:49:07.6741629Z","type":"OrderSubmit","orderId":0,"instId":1001,"side":"Buy","px":99.83809532403858,"qty":10}}
{"cat":"ORDER","data":{"ts":"2026-01-11T17:49:07.6742025Z","type":"OrderSubmit","orderId":0,"instId":1001,"side":"Sell","px":99.93809532403857,"qty":10}}
{"cat":"PNL","data":{"ts":"2026-01-11T17:49:07.6822087Z","instId":1001,"pos":17,"realPnL":13.47751763857886,"unrealPnL":0.3936712920442602}}
{"cat":"PNL","data":{"ts":"2026-01-11T17:49:07.6822516Z","instId":1001,"pos":17,"realPnL":13.47751763857886,"unrealPnL":0.8936712920440897}}
{"cat":"FILL","data":{"ts":"2026-01-11T17:49:07.6822710Z","fillId":52,"orderId":0,"instId":1001,"side":"Buy","px":99.83809532403858,"qty":10}}
{"cat":"PNL","data":{"ts":"2026-01-11T17:49:07.6978594Z","instId":1001,"pos":7,"realPnL":14.503206633898884,"unrealPnL":0.8936712920440897}}
{"cat":"PNL","data":{"ts":"2026-01-11T17:49:07.6979036Z","instId":1001,"pos":7,"realPnL":14.503206633898884,"unrealPnL":0.36798229672403693}}
{"cat":"FILL","data":{"ts":"2026-01-11T17:49:07.6979299Z","fillId":53,"orderId":0,"instId":1001,"side":"Sell","px":99.93809532403857,"qty":10}}
{"cat":"PNL","data":{"ts":"2026-01-11T17:49:07.7777836Z","instId":1001,"pos":7,"realPnL":14.503206633898884,"unrealPnL":0.5415002147163932}}
{"cat":"ORDER","data":{"ts":"2026-01-11T17:49:07.7868417Z","type":"OrderSubmit","orderId":0,"instId":1001,"side":"Buy","px":99.86288359803748,"qty":10}}
{"cat":"ORDER","data":{"ts":"2026-01-11T17:49:07.7868742Z","type":"OrderSubmit","orderId":0,"instId":1001,"side":"Sell","px":99.96288359803748,"qty":10}}
{"cat":"PNL","data":{"ts":"2026-01-11T17:49:07.8118457Z","instId":1001,"pos":17,"realPnL":14.503206633898884,"unrealPnL":0.5415002147163932}}
{"cat":"PNL","data":{"ts":"2026-01-11T17:49:07.8118883Z","instId":1001,"pos":17,"realPnL":14.503206633898884,"unrealPnL":1.0415002147164358}}
{"cat":"FILL","data":{"ts":"2026-01-11T17:49:07.8119129Z","fillId":54,"orderId":0,"instId":1001,"side":"Buy","px":99.86288359803748,"qty":10}}
{"cat":"SYSTEM","data":{"ts":"2026-01-11T17:49:07.8200901Z","level":"INFO","comp":"EXECUTION","msg":"Partial fill for Order 0: 7/10"}}
{"cat":"PNL","data":{"ts":"2026-01-11T17:49:07.8201316Z","instId":1001,"pos":10,"realPnL":15.282059663487985,"unrealPnL":1.0415002147164358}}
{"cat":"PNL","data":{"ts":"2026-01-11T17:49:07.8201397Z","instId":1001,"pos":10,"realPnL":15.282059663487985,"unrealPnL":0.6126471851273152}}
{"cat":"FILL","data":{"ts":"2026-01-11T17:49:07.8201574Z","fillId":55,"orderId":0,"instId":1001,"side":"Sell","px":99.96288359803748,"qty":7}}
{"cat":"PNL","data":{"ts":"2026-01-11T17:49:07.8868579Z","instId":1001,"pos":10,"realPnL":15.282059663487985,"unrealPnL":0.5088982458461544}}
{"cat":"ORDER","data":{"ts":"2026-01-11T17:49:07.9023643Z","type":"OrderSubmit","orderId":0,"instId":1001,"side":"Buy","px":99.85250870410937,"qty":10}}
{"cat":"ORDER","data":{"ts":"2026-01-11T17:49:07.9024051Z","type":"OrderSubmit","orderId":0,"instId":1001,"side":"Sell","px":99.95250870410936,"qty":10}}
{"cat":"PNL","data":{"ts":"2026-01-11T17:49:07.9330250Z","instId":1001,"pos":20,"realPnL":15.282059663487985,"unrealPnL":0.5088982458461544}}
{"cat":"PNL","data":{"ts":"2026-01-11T17:49:07.9330796Z","instId":1001,"pos":20,"realPnL":15.282059663487985,"unrealPnL":1.008898245846126}}
{"cat":"FILL","data":{"ts":"2026-01-11T17:49:07.9331007Z","fillId":56,"orderId":0,"instId":1001,"side":"Buy","px":99.85250870410937,"qty":10}}
{"cat":"PNL","data":{"ts":"2026-01-11T17:49:07.9484679Z","instId":1001,"pos":10,"realPnL":16.28650878641102,"unrealPnL":1.008898245846126}}
{"cat":"PNL","data":{"ts":"2026-01-11T17:49:07.9485284Z","instId":1001,"pos":10,"realPnL":16.28650878641102,"unrealPnL":0.504449122923063}}
{"cat":"FILL","data":{"ts":"2026-01-11T17:49:07.9485583Z","fillId":57,"orderId":0,"instId":1001,"side":"Sell","px":99.95250870410936,"qty":10}}
{"cat":"PNL","data":{"ts":"2026-01-11T17:49:07.9869322Z","instId":1001,"pos":10,"realPnL":16.28650878641102,"unrealPnL":0.2497063628260321}}
{"cat":"ORDER","data":{"ts":"2026-01-11T17:49:07.9952329Z","type":"OrderSubmit","orderId":0,"instId":1001,"side":"Buy","px":99.82703442809967,"qty":10}}
{"cat":"ORDER","data":{"ts":"2026-01-11T17:49:07.9952690Z","type":"OrderSubmit","orderId":0,"instId":1001,"side":"Sell","px":99.92703442809966,"qty":10}}
{"cat":"PNL","data":{"ts":"2026-01-11T17:49:08.0266764Z","instId":1001,"pos":20,"realPnL":16.28650878641102,"unrealPnL":0.2497063628260321}}
{"cat":"PNL","data":{"ts":"2026-01-11T17:49:08.0267125Z","instId":1001,"pos":20,"realPnL":16.28650878641102,"unrealPnL":0.7497063628261458}}
{"cat":"FILL","data":{"ts":"2026-01-11T17:49:08.0267340Z","fillId":58,"orderId":0,"instId":1001,"side":"Buy","px":99.82703442809967,"qty":10}}
{"cat":"PNL","data":{"ts":"2026-01-11T17:49:08.0430021Z","instId":1001,"pos":10,"realPnL":17.161361967824064,"unrealPnL":0.7497063628261458}}
{"cat":"PNL","data":{"ts":"2026-01-11T17:49:08.0430650Z","instId":1001,"pos":10,"realPnL":17.161361967824064,"unrealPnL":0.3748531814130729}}
{"cat":"FILL","data":{"ts":"2026-01-11T17:49:08.0430912Z","fillId":59,"orderId":0,"instId":1001,"side":"Sell","px":99.92703442809966,"qty":10}}
{"cat":"PNL","data":{"ts":"2026-01-11T17:49:08.0952079Z","instId":1001,"pos":10,"realPnL":17.161361967824064,"unrealPnL":0.5611982537301685}}
{"cat":"ORDER","data":{"ts":"2026-01-11T17:49:08.1003162Z","type":"OrderSubmit","orderId":0,"instId":1001,"side":"Buy","px":99.84566893533137,"qty":10}}
{"cat":"ORDER","data":{"ts":"2026-01-11T17:49:08.1003641Z","type":"OrderSubmit","orderId":0,"instId":1001,"side":"Sell","px":99.94566893533137,"qty":10}}
{"cat":"PNL","data":{"ts":"2026-01-11T17:49:08.1065481Z","instId":1001,"pos":20,"realPnL":17.161361967824064,"unrealPnL":0.5611982537301685}}
{"cat":"PNL","data":{"ts":"2026-01-11T17:49:08.1065956Z","instId":1001,"pos":20,"realPnL":17.161361967824064,"unrealPnL":1.06119825373014}}
{"cat":"FILL","data":{"ts":"2026-01-11T17:49:08.1066184Z","fillId":60,"orderId":0,"instId":1001,"side":"Buy","px":99.84566893533137,"qty":10}}
{"cat":"PNL","data":{"ts":"2026-01-11T17:49:08.1144662Z","instId":1001,"pos":10,"realPnL":18.191961094689105,"unrealPnL":1.06119825373014}}
{"cat":"PNL","data":{"ts":"2026-01-11T17:49:08.1145013Z","instId":1001,"pos":10,"realPnL":18.191961094689105,"unrealPnL":0.53059912686507}}
{"cat":"FILL","data":{"ts":"2026-01-11T17:49:08.1145233Z","fillId":61,"orderId":0,"instId":1001,"side":"Sell","px":99.94566893533137,"qty":10}}
{"cat":"PNL","data":{"ts":"2026-01-11T17:49:08.2104512Z","instId":1001,"pos":10,"realPnL":18.191961094689105,"unrealPnL":0.24114532060750093}}
{"cat":"ORDER","data":{"ts":"2026-01-11T17:49:08.2201620Z","type":"OrderSubmit","orderId":0,"instId":1001,"side":"Buy","px":99.81672355470562,"qty":10}}
{"cat":"ORDER","data":{"ts":"2026-01-11T17:49:08.2202064Z","type":"OrderSubmit","orderId":0,"instId":1001,"side":"Sell","px":99.91672355470561,"qty":10}}
{"cat":"PNL","data":{"ts":"2026-01-11T17:49:08.2505067Z","instId":1001,"pos":20,"realPnL":18.191961094689105,"unrealPnL":0.24114532060750093}}
{"cat":"PNL","data":{"ts":"2026-01-11T17:49:08.2505637Z","instId":1001,"pos":20,"realPnL":18.191961094689105,"unrealPnL":0.7411453206074725}}
{"cat":"FILL","data":{"ts":"2026-01-11T17:49:08.2505885Z","fillId":62,"orderId":0,"instId":1001,"side":"Buy","px":99.81672355470562,"qty":10}}
{"cat":"PNL","data":{"ts":"2026-01-11T17:49:08.2617069Z","instId":1001,"pos":10,"realPnL":19.062533754992813,"unrealPnL":0.7411453206074725}}
{"cat":"PNL","data":{"ts":"2026-01-11T17:49:08.2617544Z","instId":1001,"pos":10,"realPnL":19.062533754992813,"unrealPnL":0.37057266030373626}}
{"cat":"FILL","data":{"ts":"2026-01-11T17:49:08.2617830Z","fillId":63,"orderId":0,"instId":1001,"side":"Sell","px":99.91672355470561,"qty":10}}
{"cat":"PNL","data":{"ts":"2026-01-11T17:49:08.3156019Z","instId":1001,"pos":10,"realPnL":19.062533754992813,"unrealPnL":0.3881102469357245}}
{"cat":"ORDER","data":{"ts":"2026-01-11T17:49:08.3309856Z","type":"OrderSubmit","orderId":0,"instId":1001,"side":"Buy","px":99.81847731336882,"qty":10}}
{"cat":"ORDER","data":{"ts":"2026-01-11T17:49:08.3310484Z","type":"OrderSubmit","orderId":0,"instId":1001,"side":"Sell","px":99.91847731336881,"qty":10}}
{"cat":"PNL","data":{"ts":"2026-01-11T17:49:08.3462370Z","instId":1001,"pos":20,"realPnL":19.062533754992813,"unrealPnL":0.3881102469357245}}
{"cat":"PNL","data":{"ts":"2026-01-11T17:49:08.3462934Z","instId":1001,"pos":20,"realPnL":19.062533754992813,"unrealPnL":0.8881102469356961}}
{"cat":"FILL","data":{"ts":"2026-01-11T17:49:08.3463156Z","fillId":64,"orderId":0,"instId":1001,"side":"Buy","px":99.81847731336882,"qty":10}}
{"cat":"SYSTEM","data":{"ts":"2026-01-11T17:49:08.3619770Z","level":"INFO","comp":"EXECUTION","msg":"Partial fill for Order 0: 5/10"}}
{"cat":"PNL","data":{"ts":"2026-01-11T17:49:08.3620253Z","instId":1001,"pos":15,"realPnL":19.534561316726723,"unrealPnL":0.8881102469356961}}
{"cat":"PNL","data":{"ts":"2026-01-11T17:49:08.3620361Z","instId":1001,"pos":15,"realPnL":19.534561316726723,"unrealPnL":0.666082685201772}}
{"cat":"FILL","data":{"ts":"2026-01-11T17:49:08.3620598Z","fillId":65,"orderId":0,"instId":1001,"side":"Sell","px":99.91847731336881,"qty":5}}
{"cat":"PNL","data":{"ts":"2026-01-11T17:49:08.4311814Z","instId":1001,"pos":15,"realPnL":19.534561316726723,"unrealPnL":0.6441691328839738}}
{"cat":"ORDER","data":{"ts":"2026-01-11T17:49:08.4365564Z","type":"OrderSubmit","orderId":0,"instId":1001,"side":"Buy","px":99.81701640988096,"qty":10}}
{"cat":"ORDER","data":{"ts":"2026-01-11T17:49:08.4366196Z","type":"OrderSubmit","orderId":0,"instId":1001,"side":"Sell","px":99.91701640988096,"qty":10}}
{"cat":"PNL","data":{"ts":"2026-01-11T17:49:08.4615641Z","instId":1001,"pos":25,"realPnL":19.534561316726723,"unrealPnL":0.6441691328839738}}
{"cat":"PNL","data":{"ts":"2026-01-11T17:49:08.4616216Z","instId":1001,"pos":25,"realPnL":19.534561316726723,"unrealPnL":1.1441691328837322}}
{"cat":"FILL","data":{"ts":"2026-01-11T17:49:08.4616981Z","fillId":66,"orderId":0,"instId":1001,"side":"Buy","px":99.81701640988096,"qty":10}}
{"cat":"SYSTEM","data":{"ts":"2026-01-11T17:49:08.4767083Z","level":"INFO","comp":"EXECUTION","msg":"Partial fill for Order 0: 7/10"}}
{"cat":"PNL","data":{"ts":"2026-01-11T17:49:08.4767503Z","instId":1001,"pos":18,"realPnL":20.20492867393415,"unrealPnL":1.1441691328837322}}
{"cat":"PNL","data":{"ts":"2026-01-11T17:49:08.4767589Z","instId":1001,"pos":18,"realPnL":20.20492867393415,"unrealPnL":0.8238017756762872}}
{"cat":"FILL","data":{"ts":"2026-01-11T17:49:08.4767760Z","fillId":67,"orderId":0,"instId":1001,"side":"Sell","px":99.91701640988096,"qty":7}}
{"cat":"PNL","data":{"ts":"2026-01-11T17:49:08.5468348Z","instId":1001,"pos":18,"realPnL":20.20492867393415,"unrealPnL":0.37885159091709397}}
{"cat":"ORDER","data":{"ts":"2026-01-11T17:49:08.5618341Z","type":"OrderSubmit","orderId":0,"instId":1001,"side":"Buy","px":99.79229695517212,"qty":10}}
{"cat":"ORDER","data":{"ts":"2026-01-11T17:49:08.5618791Z","type":"OrderSubmit","orderId":0,"instId":1001,"side":"Sell","px":99.89229695517211,"qty":10}}
{"cat":"PNL","data":{"ts":"2026-01-11T17:49:08.5819607Z","instId":1001,"pos":28,"realPnL":20.20492867393415,"unrealPnL":0.37885159091709397}}
{"cat":"PNL","data":{"ts":"2026-01-11T17:49:08.5821146Z","instId":1001,"pos":28,"realPnL":20.20492867393415,"unrealPnL":0.8788515909172361}}
{"cat":"FILL","data":{"ts":"2026-01-11T17:49:08.5821797Z","fillId":68,"orderId":0,"instId":1001,"side":"Buy","px":99.79229695517212,"qty":10}}
{"cat":"PNL","data":{"ts":"2026-01-11T17:49:08.5933649Z","instId":1001,"pos":18,"realPnL":21.018804242118847,"unrealPnL":0.8788515909172361}}
{"cat":"PNL","data":{"ts":"2026-01-11T17:49:08.5934936Z","instId":1001,"pos":18,"realPnL":21.018804242118847,"unrealPnL":0.5649760227325089}}
{"cat":"FILL","data":{"ts":"2026-01-11T17:49:08.5936144Z","fillId":69,"orderId":0,"instId":1001,"side":"Sell","px":99.89229695517211,"qty":10}}
{"cat":"PNL","data":{"ts":"2026-01-11T17:49:08.6507227Z","instId":1001,"pos":18,"realPnL":21.018804242118847,"unrealPnL":1.0523779511999862}}
{"cat":"ORDER","data":{"ts":"2026-01-11T17:49:08.6656975Z","type":"OrderSubmit","orderId":0,"instId":1001,"side":"Buy","px":99.81937484008698,"qty":10}}
{"cat":"ORDER","data":{"ts":"2026-01-11T17:49:08.6657371Z","type":"OrderSubmit","orderId":0,"instId":1001,"side":"Sell","px":99.91937484008697,"qty":10}}
{"cat":"PNL","data":{"ts":"2026-01-11T17:49:08.6700080Z","instId":1001,"pos":28,"realPnL":21.018804242118847,"unrealPnL":1.0523779511999862}}
{"cat":"PNL","data":{"ts":"2026-01-11T17:49:08.6700651Z","instId":1001,"pos":28,"realPnL":21.018804242118847,"unrealPnL":1.552377951199901}}
{"cat":"FILL","data":{"ts":"2026-01-11T17:49:08.6700988Z","fillId":70,"orderId":0,"instId":1001,"side":"Buy","px":99.81937484008698,"qty":10}}
{"cat":"PNL","data":{"ts":"2026-01-11T17:49:08.6854359Z","instId":1001,"pos":18,"realPnL":22.073224938975926,"unrealPnL":1.552377951199901}}
{"cat":"PNL","data":{"ts":"2026-01-11T17:49:08.6854936Z","instId":1001,"pos":18,"realPnL":22.073224938975926,"unrealPnL":0.9979572543427935}}
{"cat":"FILL","data":{"ts":"2026-01-11T17:49:08.6855196Z","fillId":71,"orderId":0,"instId":1001,"side":"Sell","px":99.91937484008697,"qty":10}}
{"cat":"PNL","data":{"ts":"2026-01-11T17:49:08.7520763Z","instId":1001,"pos":18,"realPnL":22.073224938975926,"unrealPnL":0.10259934510506241}}
{"cat":"ORDER","data":{"ts":"2026-01-11T17:49:08.7639939Z","type":"OrderSubmit","orderId":0,"instId":1001,"side":"Buy","px":99.76963273401822,"qty":10}}
{"cat":"ORDER","data":{"ts":"2026-01-11T17:49:08.7640634Z","type":"OrderSubmit","orderId":0,"instId":1001,"side":"Sell","px":99.86963273401821,"qty":10}}
{"cat":"PNL","data":{"ts":"2026-01-11T17:49:08.7866769Z","instId":1001,"pos":28,"realPnL":22.073224938975926,"unrealPnL":0.10259934510506241}}
{"cat":"PNL","data":{"ts":"2026-01-11T17:49:08.7867273Z","instId":1001,"pos":28,"realPnL":22.073224938975926,"unrealPnL":0.6025993451047498}}
{"cat":"FILL","data":{"ts":"2026-01-11T17:49:08.7867447Z","fillId":72,"orderId":0,"instId":1001,"side":"Buy","px":99.76963273401822,"qty":10}}
{"cat":"PNL","data":{"ts":"2026-01-11T17:49:08.8017468Z","instId":1001,"pos":18,"realPnL":22.788438990799023,"unrealPnL":0.6025993451047498}}
{"cat":"PNL","data":{"ts":"2026-01-11T17:49:08.8017858Z","instId":1001,"pos":18,"realPnL":22.788438990799023,"unrealPnL":0.38738529328162485}}
{"cat":"FILL","data":{"ts":"2026-01-11T17:49:08.8018051Z","fillId":73,"orderId":0,"instId":1001,"side":"Sell","px":99.86963273401821,"qty":10}}
{"cat":"PNL","data":{"ts":"2026-01-11T17:49:08.8570968Z","instId":1001,"pos":18,"realPnL":22.788438990799023,"unrealPnL":0.3584270989843503}}
{"cat":"ORDER","data":{"ts":"2026-01-11T17:49:08.8648088Z","type":"OrderSubmit","orderId":0,"instId":1001,"side":"Buy","px":99.76802394544615,"qty":10}}
{"cat":"ORDER","data":{"ts":"2026-01-11T17:49:08.8648473Z","type":"OrderSubmit","orderId":0,"instId":1001,"side":"Sell","px":99.86802394544614,"qty":10}}
{"cat":"PNL","data":{"ts":"2026-01-11T17:49:08.8821567Z","instId":1001,"pos":28,"realPnL":22.788438990799023,"unrealPnL":0.3584270989843503}}
{"cat":"PNL","data":{"ts":"2026-01-11T17:49:08.8822001Z","instId":1001,"pos":28,"realPnL":22.788438990799023,"unrealPnL":0.858427098984123}}
{"cat":"FILL","data":{"ts":"2026-01-11T17:49:08.8822190Z","fillId":74,"orderId":0,"instId":1001,"side":"Buy","px":99.76802394544615,"qty":10}}
{"cat":"PNL","data":{"ts":"2026-01-11T17:49:08.8866819Z","instId":1001,"pos":18,"realPnL":23.595020097579038,"unrealPnL":0.858427098984123}}
{"cat":"PNL","data":{"ts":"2026-01-11T17:49:08.8867145Z","instId":1001,"pos":18,"realPnL":23.595020097579038,"unrealPnL":0.551845992204079}}
{"cat":"FILL","data":{"ts":"2026-01-11T17:49:08.8867274Z","fillId":75,"orderId":0,"instId":1001,"side":"Sell","px":99.86802394544614,"qty":10}}
{"cat":"PNL","data":{"ts":"2026-01-11T17:49:08.9659491Z","instId":1001,"pos":18,"realPnL":23.595020097579038,"unrealPnL":0.45817021824362314}}
{"cat":"ORDER","data":{"ts":"2026-01-11T17:49:08.9782541Z","type":"OrderSubmit","orderId":0,"instId":1001,"side":"Buy","px":99.76281973578168,"qty":10}}
{"cat":"ORDER","data":{"ts":"2026-01-11T17:49:08.9783491Z","type":"OrderSubmit","orderId":0,"instId":1001,"side":"Sell","px":99.86281973578167,"qty":10}}
{"cat":"PNL","data":{"ts":"2026-01-11T17:49:08.9867778Z","instId":1001,"pos":28,"realPnL":23.595020097579038,"unrealPnL":0.45817021824362314}}
{"cat":"PNL","data":{"ts":"2026-01-11T17:49:08.9868137Z","instId":1001,"pos":28,"realPnL":23.595020097579038,"unrealPnL":0.9581702182435379}}
{"cat":"FILL","data":{"ts":"2026-01-11T17:49:08.9868314Z","fillId":76,"orderId":0,"instId":1001,"side":"Buy","px":99.76281973578168,"qty":10}}
{"cat":"PNL","data":{"ts":"2026-01-11T17:49:09.0016871Z","instId":1001,"pos":18,"realPnL":24.4372237469517,"unrealPnL":0.9581702182435379}}
{"cat":"PNL","data":{"ts":"2026-01-11T17:49:09.0017214Z","instId":1001,"pos":18,"realPnL":24.4372237469517,"unrealPnL":0.6159665688708458}}
{"cat":"FILL","data":{"ts":"2026-01-11T17:49:09.0017388Z","fillId":77,"orderId":0,"instId":1001,"side":"Sell","px":99.86281973578167,"qty":10}}
{"cat":"PNL","data":{"ts":"2026-01-11T17:49:09.0785178Z","instId":1001,"pos":18,"realPnL":24.4372237469517,"unrealPnL":0.5915953367206441}}
{"cat":"ORDER","data":{"ts":"2026-01-11T17:49:09.0919444Z","type":"OrderSubmit","orderId":0,"instId":1001,"side":"Buy","px":99.76146577844,"qty":10}}
{"cat":"ORDER","data":{"ts":"2026-01-11T17:49:09.0919797Z","type":"OrderSubmit","orderId":0,"instId":1001,"side":"Sell","px":99.86146577843999,"qty":10}}
{"cat":"PNL","data":{"ts":"2026-01-11T17:49:09.1082233Z","instId":1001,"pos":28,"realPnL":24.4372237469517,"unrealPnL":0.5915953367206441}}
{"cat":"PNL","data":{"ts":"2026-01-11T17:49:09.1082616Z","instId":1001,"pos":28,"realPnL":24.4372237469517,"unrealPnL":1.0915953367203315}}
{"cat":"FILL","data":{"ts":"2026-01-11T17:49:09.1082805Z","fillId":78,"orderId":0,"instId":1001,"side":"Buy","px":99.76146577844,"qty":10}}
{"cat":"PNL","data":{"ts":"2026-01-11T17:49:09.1249177Z","instId":1001,"pos":18,"realPnL":25.32707922435179,"unrealPnL":1.0915953367203315}}
{"cat":"PNL","data":{"ts":"2026-01-11T17:49:09.1249553Z","instId":1001,"pos":18,"realPnL":25.32707922435179,"unrealPnL":0.7017398593202131}}
{"cat":"FILL","data":{"ts":"2026-01-11T17:49:09.1249718Z","fillId":79,"orderId":0,"instId":1001,"side":"Sell","px":99.86146577843999,"qty":10}}
{"cat":"PNL","data":{"ts":"2026-01-11T17:49:09.1821974Z","instId":1001,"pos":18,"realPnL":25.32707922435179,"unrealPnL":1.0825791624936016}}
{"cat":"ORDER","data":{"ts":"2026-01-11T17:49:09.1866678Z","type":"OrderSubmit","orderId":0,"instId":1001,"side":"Buy","px":99.78262351750519,"qty":10}}
{"cat":"ORDER","data":{"ts":"2026-01-11T17:49:09.1867188Z","type":"OrderSubmit","orderId":0,"instId":1001,"side":"Sell","px":99.88262351750518,"qty":10}}
{"cat":"PNL","data":{"ts":"2026-01-11T17:49:09.1949072Z","instId":1001,"pos":28,"realPnL":25.32707922435179,"unrealPnL":1.0825791624936016}}
{"cat":"PNL","data":{"ts":"2026-01-11T17:49:09.1949521Z","instId":1001,"pos":28,"realPnL":25.32707922435179,"unrealPnL":1.582579162493687}}
{"cat":"FILL","data":{"ts":"2026-01-11T17:49:09.1949743Z","fillId":80,"orderId":0,"instId":1001,"side":"Buy","px":99.78262351750519,"qty":10}}
{"cat":"PNL","data":{"ts":"2026-01-11T17:49:09.2102442Z","instId":1001,"pos":18,"realPnL":26.39228606809951,"unrealPnL":1.582579162493687}}
{"cat":"PNL","data":{"ts":"2026-01-11T17:49:09.2104432Z","instId":1001,"pos":18,"realPnL":26.39228606809951,"unrealPnL":1.0173723187459416}}
{"cat":"FILL","data":{"ts":"2026-01-11T17:49:09.2104904Z","fillId":81,"orderId":0,"instId":1001,"side":"Sell","px":99.88262351750518,"qty":10}}
{"cat":"PNL","data":{"ts":"2026-01-11T17:49:09.2866956Z","instId":1001,"pos":18,"realPnL":26.39228606809951,"unrealPnL":0.9296182252685412}}
{"cat":"ORDER","data":{"ts":"2026-01-11T17:49:09.2982998Z","type":"OrderSubmit","orderId":0,"instId":1001,"side":"Buy","px":99.77774829008978,"qty":10}}
{"cat":"ORDER","data":{"ts":"2026-01-11T17:49:09.2983395Z","type":"OrderSubmit","orderId":0,"instId":1001,"side":"Sell","px":99.87774829008977,"qty":10}}
{"cat":"PNL","data":{"ts":"2026-01-11T17:49:09.3294168Z","instId":1001,"pos":28,"realPnL":26.39228606809951,"unrealPnL":0.9296182252685412}}
{"cat":"PNL","data":{"ts":"2026-01-11T17:49:09.3294759Z","instId":1001,"pos":28,"realPnL":26.39228606809951,"unrealPnL":1.4296182252687117}}
{"cat":"FILL","data":{"ts":"2026-01-11T17:49:09.3295030Z","fillId":82,"orderId":0,"instId":1001,"side":"Buy","px":99.77774829008978,"qty":10}}
{"cat":"PNL","data":{"ts":"2026-01-11T17:49:09.3366426Z","instId":1001,"pos":18,"realPnL":27.40286400569545,"unrealPnL":1.4296182252687117}}
{"cat":"PNL","data":{"ts":"2026-01-11T17:49:09.3366863Z","instId":1001,"pos":18,"realPnL":27.40286400569545,"unrealPnL":0.9190402876727433}}
{"cat":"FILL","data":{"ts":"2026-01-11T17:49:09.3367046Z","fillId":83,"orderId":0,"instId":1001,"side":"Sell","px":99.87774829008977,"qty":10}}
{"cat":"PNL","data":{"ts":"2026-01-11T17:49:09.3878158Z","instId":1001,"pos":18,"realPnL":27.40286400569545,"unrealPnL":0.5049545301666285}}
{"cat":"ORDER","data":{"ts":"2026-01-11T17:49:09.3957806Z","type":"OrderSubmit","orderId":0,"instId":1001,"side":"Buy","px":99.75474352578388,"qty":10}}
{"cat":"ORDER","data":{"ts":"2026-01-11T17:49:09.3958125Z","type":"OrderSubmit","orderId":0,"instId":1001,"side":"Sell","px":99.85474352578387,"qty":10}}
{"cat":"PNL","data":{"ts":"2026-01-11T17:49:09.4003000Z","instId":1001,"pos":28,"realPnL":27.40286400569545,"unrealPnL":0.5049545301666285}}
{"cat":"PNL","data":{"ts":"2026-01-11T17:49:09.4003623Z","instId":1001,"pos":28,"realPnL":27.40286400569545,"unrealPnL":1.0049545301663443}}
{"cat":"FILL","data":{"ts":"2026-01-11T17:49:09.4003857Z","fillId":84,"orderId":0,"instId":1001,"side":"Buy","px":99.75474352578388,"qty":10}}
{"cat":"PNL","data":{"ts":"2026-01-11T17:49:09.4116756Z","instId":1001,"pos":18,"realPnL":28.261776337897686,"unrealPnL":1.0049545301663443}}
{"cat":"PNL","data":{"ts":"2026-01-11T17:49:09.4117302Z","instId":1001,"pos":18,"realPnL":28.261776337897686,"unrealPnL":0.6460421979640785}}
{"cat":"FILL","data":{"ts":"2026-01-11T17:49:09.4117570Z","fillId":85,"orderId":0,"instId":1001,"side":"Sell","px":99.85474352578387,"qty":10}}
{"cat":"PNL","data":{"ts":"2026-01-11T17:49:09.5015995Z","instId":1001,"pos":18,"realPnL":28.261776337897686,"unrealPnL":0.2555151229515502}}
{"cat":"ORDER","data":{"ts":"2026-01-11T17:49:09.5114284Z","type":"OrderSubmit","orderId":0,"instId":1001,"side":"Buy","px":99.73304757717207,"qty":10}}
{"cat":"ORDER","data":{"ts":"2026-01-11T17:49:09.5114620Z","type":"OrderSubmit","orderId":0,"instId":1001,"side":"Sell","px":99.83304757717207,"qty":10}}
{"cat":"PNL","data":{"ts":"2026-01-11T17:49:09.5268109Z","instId":1001,"pos":28,"realPnL":28.261776337897686,"unrealPnL":0.2555151229515502}}
{"cat":"PNL","data":{"ts":"2026-01-11T17:49:09.5268600Z","instId":1001,"pos":28,"realPnL":28.261776337897686,"unrealPnL":0.7555151229511239}}
{"cat":"FILL","data":{"ts":"2026-01-11T17:49:09.5268816Z","fillId":86,"orderId":0,"instId":1001,"side":"Buy","px":99.73304757717207,"qty":10}}
{"cat":"PNL","data":{"ts":"2026-01-11T17:49:09.5364700Z","instId":1001,"pos":18,"realPnL":29.03160316752306,"unrealPnL":0.7555151229511239}}
{"cat":"PNL","data":{"ts":"2026-01-11T17:49:09.5365221Z","instId":1001,"pos":18,"realPnL":29.03160316752306,"unrealPnL":0.4856882933257225}}
{"cat":"FILL","data":{"ts":"2026-01-11T17:49:09.5365419Z","fillId":87,"orderId":0,"instId":1001,"side":"Sell","px":99.83304757717207,"qty":10}}
{"cat":"PNL","data":{"ts":"2026-01-11T17:49:09.6058400Z","instId":1001,"pos":18,"realPnL":29.03160316752306,"unrealPnL":0.7291227903614583}}
{"cat":"ORDER","data":{"ts":"2026-01-11T17:49:09.6209651Z","type":"OrderSubmit","orderId":0,"instId":1001,"side":"Buy","px":99.74657171589628,"qty":10}}
{"cat":"ORDER","data":{"ts":"2026-01-11T17:49:09.6209991Z","type":"OrderSubmit","orderId":0,"instId":1001,"side":"Sell","px":99.84657171589627,"qty":10}}
{"cat":"SYSTEM","data":{"ts":"2026-01-11T17:49:09.6457422Z","level":"INFO","comp":"EXECUTION","msg":"Partial fill for Order 0: 9/10"}}
{"cat":"PNL","data":{"ts":"2026-01-11T17:49:09.6457881Z","instId":1001,"pos":27,"realPnL":29.03160316752306,"unrealPnL":0.7291227903614583}}
{"cat":"PNL","data":{"ts":"2026-01-11T17:49:09.6457977Z","instId":1001,"pos":27,"realPnL":29.03160316752306,"unrealPnL":1.179122790361049}}
{"cat":"FILL","data":{"ts":"2026-01-11T17:49:09.6458170Z","fillId":88,"orderId":0,"instId":1001,"side":"Buy","px":99.74657171589628,"qty":9}}
{"cat":"PNL","data":{"ts":"2026-01-11T17:49:09.6485805Z","instId":1001,"pos":17,"realPnL":29.968315312101197,"unrealPnL":1.179122790361049}}
{"cat":"PNL","data":{"ts":"2026-01-11T17:49:09.6486146Z","instId":1001,"pos":17,"realPnL":29.968315312101197,"unrealPnL":0.7424106457828827}}
{"cat":"FILL","data":{"ts":"2026-01-11T17:49:09.6486380Z","fillId":89,"orderId":0,"instId":1001,"side":"Sell","px":99.84657171589627,"qty":10}}
{"cat":"PNL","data":{"ts":"2026-01-11T17:49:09.7083237Z","instId":1001,"pos":17,"realPnL":29.968315312101197,"unrealPnL":0.3935343441650332}}
{"cat":"ORDER","data":{"ts":"2026-01-11T17:49:09.7236052Z","type":"OrderSubmit","orderId":0,"instId":1001,"side":"Buy","px":99.726049580507,"qty":10}}
{"cat":"ORDER","data":{"ts":"2026-01-11T17:49:09.7236991Z","type":"OrderSubmit","orderId":0,"instId":1001,"side":"Sell","px":99.82604958050699,"qty":10}}
{"cat":"PNL","data":{"ts":"2026-01-11T17:49:09.7368070Z","instId":1001,"pos":27,"realPnL":29.968315312101197,"unrealPnL":0.3935343441650332}}
{"cat":"PNL","data":{"ts":"2026-01-11T17:49:09.7368528Z","instId":1001,"pos":27,"realPnL":29.968315312101197,"unrealPnL":0.8935343441648342}}
{"cat":"FILL","data":{"ts":"2026-01-11T17:49:09.7368720Z","fillId":90,"orderId":0,"instId":1001,"side":"Buy","px":99.726049580507,"qty":10}}
{"cat":"PNL","data":{"ts":"2026-01-11T17:49:09.7449152Z","instId":1001,"pos":17,"realPnL":30.799253958088144,"unrealPnL":0.8935343441648342}}
{"cat":"PNL","data":{"ts":"2026-01-11T17:49:09.7449648Z","instId":1001,"pos":17,"realPnL":30.799253958088144,"unrealPnL":0.5625956981778586}}
{"cat":"FILL","data":{"ts":"2026-01-11T17:49:09.7449845Z","fillId":91,"orderId":0,"instId":1001,"side":"Sell","px":99.82604958050699,"qty":10}}
{"cat":"PNL","data":{"ts":"2026-01-11T17:49:09.8168128Z","instId":1001,"pos":17,"realPnL":30.799253958088144,"unrealPnL":0.3408028118314519}}
{"cat":"ORDER","data":{"ts":"2026-01-11T17:49:09.8312855Z","type":"OrderSubmit","orderId":0,"instId":1001,"side":"Buy","px":99.71300294013368,"qty":10}}
{"cat":"ORDER","data":{"ts":"2026-01-11T17:49:09.8313283Z","type":"OrderSubmit","orderId":0,"instId":1001,"side":"Sell","px":99.81300294013367,"qty":10}}
{"cat":"PNL","data":{"ts":"2026-01-11T17:49:09.8521208Z","instId":1001,"pos":27,"realPnL":30.799253958088144,"unrealPnL":0.3408028118314519}}
{"cat":"PNL","data":{"ts":"2026-01-11T17:49:09.8521707Z","instId":1001,"pos":27,"realPnL":30.799253958088144,"unrealPnL":0.8408028118317361}}
{"cat":"FILL","data":{"ts":"2026-01-11T17:49:09.8521899Z","fillId":92,"orderId":0,"instId":1001,"side":"Buy","px":99.71300294013368,"qty":10}}
{"cat":"PNL","data":{"ts":"2026-01-11T17:49:09.8679442Z","instId":1001,"pos":17,"realPnL":31.610662406914685,"unrealPnL":0.8408028118317361}}
{"cat":"PNL","data":{"ts":"2026-01-11T17:49:09.8679935Z","instId":1001,"pos":17,"realPnL":31.610662406914685,"unrealPnL":0.5293943630051672}}
{"cat":"FILL","data":{"ts":"2026-01-11T17:49:09.8680136Z","fillId":93,"orderId":0,"instId":1001,"side":"Sell","px":99.81300294013367,"qty":10}}
{"cat":"PNL","data":{"ts":"2026-01-11T17:49:09.9232503Z","instId":1001,"pos":17,"realPnL":31.610662406914685,"unrealPnL":1.1289515131369683}}
{"cat":"ORDER","data":{"ts":"2026-01-11T17:49:09.9365412Z","type":"OrderSubmit","orderId":0,"instId":1001,"side":"Buy","px":99.74827100778849,"qty":10}}
{"cat":"ORDER","data":{"ts":"2026-01-11T17:49:09.9365755Z","type":"OrderSubmit","orderId":0,"instId":1001,"side":"Sell","px":99.84827100778848,"qty":10}}
{"cat":"PNL","data":{"ts":"2026-01-11T17:49:09.9613869Z","instId":1001,"pos":27,"realPnL":31.610662406914685,"unrealPnL":1.1289515131369683}}
{"cat":"PNL","data":{"ts":"2026-01-11T17:49:09.9615059Z","instId":1001,"pos":27,"realPnL":31.610662406914685,"unrealPnL":1.6289515131370678}}
{"cat":"FILL","data":{"ts":"2026-01-11T17:49:09.9615587Z","fillId":94,"orderId":0,"instId":1001,"side":"Buy","px":99.74827100778849,"qty":10}}
{"cat":"PNL","data":{"ts":"2026-01-11T17:49:09.9771902Z","instId":1001,"pos":17,"realPnL":32.71397778215061,"unrealPnL":1.6289515131370678}}
{"cat":"PNL","data":{"ts":"2026-01-11T17:49:09.9775180Z","instId":1001,"pos":17,"realPnL":32.71397778215061,"unrealPnL":1.0256361379011167}}
{"cat":"FILL","data":{"ts":"2026-01-11T17:49:09.9775589Z","fillId":95,"orderId":0,"instId":1001,"side":"Sell","px":99.84827100778848,"qty":10}}
{"cat":"PNL","data":{"ts":"2026-01-11T17:49:10.0320174Z","instId":1001,"pos":17,"realPnL":32.71397778215061,"unrealPnL":0.47426759667649776}}
{"cat":"ORDER","data":{"ts":"2026-01-11T17:49:10.0474359Z","type":"OrderSubmit","orderId":0,"instId":1001,"side":"Buy","px":99.71583756418704,"qty":10}}
{"cat":"ORDER","data":{"ts":"2026-01-11T17:49:10.0475213Z","type":"OrderSubmit","orderId":0,"instId":1001,"side":"Sell","px":99.81583756418704,"qty":10}}
{"cat":"PNL","data":{"ts":"2026-01-11T17:49:10.0749495Z","instId":1001,"pos":27,"realPnL":32.71397778215061,"unrealPnL":0.47426759667649776}}
{"cat":"PNL","data":{"ts":"2026-01-11T17:49:10.0749917Z","instId":1001,"pos":27,"realPnL":32.71397778215061,"unrealPnL":0.9742675966764835}}
{"cat":"FILL","data":{"ts":"2026-01-11T17:49:10.0750207Z","fillId":96,"orderId":0,"instId":1001,"side":"Buy","px":99.71583756418704,"qty":10}}
{"cat":"PNL","data":{"ts":"2026-01-11T17:49:10.0865304Z","instId":1001,"pos":17,"realPnL":33.5748176327715,"unrealPnL":0.9742675966764835}}
{"cat":"PNL","data":{"ts":"2026-01-11T17:49:10.0865918Z","instId":1001,"pos":17,"realPnL":33.5748176327715,"unrealPnL":0.6134277460555637}}
{"cat":"FILL","data":{"ts":"2026-01-11T17:49:10.0866141Z","fillId":97,"orderId":0,"instId":1001,"side":"Sell","px":99.81583756418704,"qty":10}}
{"cat":"PNL","data":{"ts":"2026-01-11T17:49:10.1327846Z","instId":1001,"pos":17,"realPnL":33.5748176327715,"unrealPnL":1.2121686944424255}}
{"cat":"ORDER","data":{"ts":"2026-01-11T17:49:10.1368257Z","type":"OrderSubmit","orderId":0,"instId":1001,"side":"Buy","px":99.7510576199745,"qty":10}}
{"cat":"ORDER","data":{"ts":"2026-01-11T17:49:10.1368922Z","type":"OrderSubmit","orderId":0,"instId":1001,"side":"Sell","px":99.8510576199745,"qty":10}}
{"cat":"PNL","data":{"ts":"2026-01-11T17:49:10.1599553Z","instId":1001,"pos":27,"realPnL":33.5748176327715,"unrealPnL":1.2121686944424255}}
{"cat":"PNL","data":{"ts":"2026-01-11T17:49:10.1600190Z","instId":1001,"pos":27,"realPnL":33.5748176327715,"unrealPnL":1.7121686944424397}}
{"cat":"FILL","data":{"ts":"2026-01-11T17:49:10.1600458Z","fillId":98,"orderId":0,"instId":1001,"side":"Buy","px":99.7510576199745,"qty":10}}
{"cat":"PNL","data":{"ts":"2026-01-11T17:49:10.1699886Z","instId":1001,"pos":17,"realPnL":34.70895418626867,"unrealPnL":1.7121686944424397}}
{"cat":"PNL","data":{"ts":"2026-01-11T17:49:10.1700345Z","instId":1001,"pos":17,"realPnL":34.70895418626867,"unrealPnL":1.0780321409452398}}
{"cat":"FILL","data":{"ts":"2026-01-11T17:49:10.1701096Z","fillId":99,"orderId":0,"instId":1001,"side":"Sell","px":99.8510576199745,"qty":10}}
{"cat":"PNL","data":{"ts":"2026-01-11T17:49:10.2421935Z","instId":1001,"pos":17,"realPnL":34.70895418626867,"unrealPnL":1.3234349194883919}}
{"cat":"ORDER","data":{"ts":"2026-01-11T17:49:10.2459352Z","type":"OrderSubmit","orderId":0,"instId":1001,"side":"Buy","px":99.76549307753587,"qty":10}}
{"cat":"ORDER","data":{"ts":"2026-01-11T17:49:10.2460003Z","type":"OrderSubmit","orderId":0,"instId":1001,"side":"Sell","px":99.86549307753586,"qty":10}}
{"cat":"PNL","data":{"ts":"2026-01-11T17:49:10.2768862Z","instId":1001,"pos":27,"realPnL":34.70895418626867,"unrealPnL":1.3234349194883919}}
{"cat":"PNL","data":{"ts":"2026-01-11T17:49:10.2769439Z","instId":1001,"pos":27,"realPnL":34.70895418626867,"unrealPnL":1.8234349194878803}}
{"cat":"FILL","data":{"ts":"2026-01-11T17:49:10.2769664Z","fillId":100,"orderId":0,"instId":1001,"side":"Buy","px":99.76549307753587,"qty":10}}
{"cat":"PNL","data":{"ts":"2026-01-11T17:49:10.2866704Z","instId":1001,"pos":17,"realPnL":35.884300452745634,"unrealPnL":1.8234349194878803}}
{"cat":"PNL","data":{"ts":"2026-01-11T17:49:10.2867390Z","instId":1001,"pos":17,"realPnL":35.884300452745634,"unrealPnL":1.1480886530108876}}
{"cat":"FILL","data":{"ts":"2026-01-11T17:49:10.2867655Z","fillId":101,"orderId":0,"instId":1001,"side":"Sell","px":99.86549307753586,"qty":10}}
{"cat":"PNL","data":{"ts":"2026-01-11T17:49:10.3450032Z","instId":1001,"pos":17,"realPnL":35.884300452745634,"unrealPnL":1.3450054577281492}}
{"cat":"ORDER","data":{"ts":"2026-01-11T17:49:10.3531842Z","type":"OrderSubmit","orderId":0,"instId":1001,"side":"Buy","px":99.77707641898982,"qty":10}}
{"cat":"ORDER","data":{"ts":"2026-01-11T17:49:10.3532514Z","type":"OrderSubmit","orderId":0,"instId":1001,"side":"Sell","px":99.87707641898982,"qty":10}}
{"cat":"PNL","data":{"ts":"2026-01-11T17:49:10.3698129Z","instId":1001,"pos":27,"realPnL":35.884300452745634,"unrealPnL":1.3450054577281492}}
{"cat":"PNL","data":{"ts":"2026-01-11T17:49:10.3698783Z","instId":1001,"pos":27,"realPnL":35.884300452745634,"unrealPnL":1.8450054577280781}}
{"cat":"FILL","data":{"ts":"2026-01-11T17:49:10.3699159Z","fillId":102,"orderId":0,"instId":1001,"side":"Buy","px":99.77707641898982,"qty":10}}
{"cat":"PNL","data":{"ts":"2026-01-11T17:49:10.3782557Z","instId":1001,"pos":17,"realPnL":37.06763580745971,"unrealPnL":1.8450054577280781}}
{"cat":"PNL","data":{"ts":"2026-01-11T17:49:10.3783381Z","instId":1001,"pos":17,"realPnL":37.06763580745971,"unrealPnL":1.161670103013975}}
{"cat":"FILL","data":{"ts":"2026-01-11T17:49:10.3783792Z","fillId":103,"orderId":0,"instId":1001,"side":"Sell","px":99.87707641898982,"qty":10}}
{"cat":"PNL","data":{"ts":"2026-01-11T17:49:10.4461150Z","instId":1001,"pos":17,"realPnL":37.06763580745971,"unrealPnL":1.0622555233275932}}
{"cat":"ORDER","data":{"ts":"2026-01-11T17:49:10.4483483Z","type":"OrderSubmit","orderId":0,"instId":1001,"side":"Buy","px":99.77122850253768,"qty":10}}
{"cat":"ORDER","data":{"ts":"2026-01-11T17:49:10.4484065Z","type":"OrderSubmit","orderId":0,"instId":1001,"side":"Sell","px":99.87122850253768,"qty":10}}
{"cat":"PNL","data":{"ts":"2026-01-11T17:49:10.4687592Z","instId":1001,"pos":27,"realPnL":37.06763580745971,"unrealPnL":1.0622555233275932}}
{"cat":"PNL","data":{"ts":"2026-01-11T17:49:10.4688011Z","instId":1001,"pos":27,"realPnL":37.06763580745971,"unrealPnL":1.5622555233273943}}
{"cat":"FILL","data":{"ts":"2026-01-11T17:49:10.4688198Z","fillId":104,"orderId":0,"instId":1001,"side":"Buy","px":99.77122850253768,"qty":10}}
{"cat":"PNL","data":{"ts":"2026-01-11T17:49:10.4783071Z","instId":1001,"pos":17,"realPnL":38.146248964247604,"unrealPnL":1.5622555233273943}}
{"cat":"PNL","data":{"ts":"2026-01-11T17:49:10.4783670Z","instId":1001,"pos":17,"realPnL":38.146248964247604,"unrealPnL":0.9836423665394705}}
{"cat":"FILL","data":{"ts":"2026-01-11T17:49:10.4783923Z","fillId":105,"orderId":0,"instId":1001,"side":"Sell","px":99.87122850253768,"qty":10}}
{"cat":"PNL","data":{"ts":"2026-01-11T17:49:10.5463240Z","instId":1001,"pos":17,"realPnL":38.146248964247604,"unrealPnL":0.9780269997511226}}
{"cat":"ORDER","data":{"ts":"2026-01-11T17:49:10.5612450Z","type":"OrderSubmit","orderId":0,"instId":1001,"side":"Buy","px":99.77089818684425,"qty":10}}
{"cat":"ORDER","data":{"ts":"2026-01-11T17:49:10.5613013Z","type":"OrderSubmit","orderId":0,"instId":1001,"side":"Sell","px":99.87089818684424,"qty":10}}
{"cat":"PNL","data":{"ts":"2026-01-11T17:49:10.5761200Z","instId":1001,"pos":27,"realPnL":38.146248964247604,"unrealPnL":0.9780269997511226}}
{"cat":"PNL","data":{"ts":"2026-01-11T17:49:10.5761845Z","instId":1001,"pos":27,"realPnL":38.146248964247604,"unrealPnL":1.4780269997509095}}
{"cat":"FILL","data":{"ts":"2026-01-11T17:49:10.5762151Z","fillId":106,"orderId":0,"instId":1001,"side":"Buy","px":99.77089818684425,"qty":10}}
{"cat":"PNL","data":{"ts":"2026-01-11T17:49:10.5782398Z","instId":1001,"pos":17,"realPnL":39.19366637156273,"unrealPnL":1.4780269997509095}}
{"cat":"PNL","data":{"ts":"2026-01-11T17:49:10.5782845Z","instId":1001,"pos":17,"realPnL":39.19366637156273,"unrealPnL":0.9306095924357578}}
{"cat":"FILL","data":{"ts":"2026-01-11T17:49:10.5783060Z","fillId":107,"orderId":0,"instId":1001,"side":"Sell","px":99.87089818684424,"qty":10}}
{"cat":"PNL","data":{"ts":"2026-01-11T17:49:10.6613855Z","instId":1001,"pos":17,"realPnL":39.19366637156273,"unrealPnL":0.13178560183341403}}
{"cat":"ORDER","data":{"ts":"2026-01-11T17:49:10.6770039Z","type":"OrderSubmit","orderId":0,"instId":1001,"side":"Buy","px":99.72390854033823,"qty":10}}
{"cat":"ORDER","data":{"ts":"2026-01-11T17:49:10.6770423Z","type":"OrderSubmit","orderId":0,"instId":1001,"side":"Sell","px":99.82390854033822,"qty":10}}
{"cat":"PNL","data":{"ts":"2026-01-11T17:49:10.6985845Z","instId":1001,"pos":27,"realPnL":39.19366637156273,"unrealPnL":0.13178560183341403}}
{"cat":"PNL","data":{"ts":"2026-01-11T17:49:10.6986337Z","instId":1001,"pos":27,"realPnL":39.19366637156273,"unrealPnL":0.6317856018334993}}
{"cat":"FILL","data":{"ts":"2026-01-11T17:49:10.6986613Z","fillId":108,"orderId":0,"instId":1001,"side":"Buy","px":99.72390854033823,"qty":10}}
{"cat":"PNL","data":{"ts":"2026-01-11T17:49:10.7144408Z","instId":1001,"pos":17,"realPnL":39.92766103890844,"unrealPnL":0.6317856018334993}}
{"cat":"PNL","data":{"ts":"2026-01-11T17:49:10.7145948Z","instId":1001,"pos":17,"realPnL":39.92766103890844,"unrealPnL":0.3977909344877588}}
{"cat":"FILL","data":{"ts":"2026-01-11T17:49:10.7146471Z","fillId":109,"orderId":0,"instId":1001,"side":"Sell","px":99.82390854033822,"qty":10}}
{"cat":"PNL","data":{"ts":"2026-01-11T17:49:10.7685410Z","instId":1001,"pos":17,"realPnL":39.92766103890844,"unrealPnL":0.4609695359823718}}
{"cat":"ORDER","data":{"ts":"2026-01-11T17:49:10.7696747Z","type":"OrderSubmit","orderId":0,"instId":1001,"side":"Buy","px":99.72762492866144,"qty":10}}
{"cat":"ORDER","data":{"ts":"2026-01-11T17:49:10.7697123Z","type":"OrderSubmit","orderId":0,"instId":1001,"side":"Sell","px":99.82762492866144,"qty":10}}
{"cat":"PNL","data":{"ts":"2026-01-11T17:49:10.7986081Z","instId":1001,"pos":27,"realPnL":39.92766103890844,"unrealPnL":0.4609695359823718}}
{"cat":"PNL","data":{"ts":"2026-01-11T17:49:10.7986588Z","instId":1001,"pos":27,"realPnL":39.92766103890844,"unrealPnL":0.9609695359825281}}
{"cat":"FILL","data":{"ts":"2026-01-11T17:49:10.7986817Z","fillId":110,"orderId":0,"instId":1001,"side":"Buy","px":99.72762492866144,"qty":10}}
{"cat":"PNL","data":{"ts":"2026-01-11T17:49:10.8031767Z","instId":1001,"pos":17,"realPnL":40.7835756818649,"unrealPnL":0.9609695359825281}}
{"cat":"PNL","data":{"ts":"2026-01-11T17:49:10.8032033Z","instId":1001,"pos":17,"realPnL":40.7835756818649,"unrealPnL":0.6050548930260362}}
{"cat":"FILL","data":{"ts":"2026-01-11T17:49:10.8032288Z","fillId":111,"orderId":0,"instId":1001,"side":"Sell","px":99.82762492866144,"qty":10}}
{"cat":"PNL","data":{"ts":"2026-01-11T17:49:10.8698379Z","instId":1001,"pos":17,"realPnL":40.7835756818649,"unrealPnL":0.9644425294478509}}
{"cat":"ORDER","data":{"ts":"2026-01-11T17:49:10.8785397Z","type":"OrderSubmit","orderId":0,"instId":1001,"side":"Buy","px":99.74876537786272,"qty":10}}
{"cat":"ORDER","data":{"ts":"2026-01-11T17:49:10.8785817Z","type":"OrderSubmit","orderId":0,"instId":1001,"side":"Sell","px":99.84876537786272,"qty":10}}
{"cat":"RISK","data":{"ts":"2026-01-11T17:49:10.9025520Z","rule":"Venue","action":"Cancel","msg":"Order 0 cancelled by venue (No liquidity)"}}
{"cat":"PNL","data":{"ts":"2026-01-11T17:49:10.9180391Z","instId":1001,"pos":7,"realPnL":41.8508948168342,"unrealPnL":0.9644425294478509}}
{"cat":"PNL","data":{"ts":"2026-01-11T17:49:10.9181138Z","instId":1001,"pos":7,"realPnL":41.8508948168342,"unrealPnL":0.39712339447852685}}
{"cat":"FILL","data":{"ts":"2026-01-11T17:49:10.9181470Z","fillId":112,"orderId":0,"instId":1001,"side":"Sell","px":99.84876537786272,"qty":10}}
{"cat":"PNL","data":{"ts":"2026-01-11T17:49:10.9761887Z","instId":1001,"pos":7,"realPnL":41.8508948168342,"unrealPnL":0.09420515225642134}}
{"cat":"ORDER","data":{"ts":"2026-01-11T17:49:10.9855653Z","type":"OrderSubmit","orderId":0,"instId":1001,"side":"Buy","px":99.70549134325957,"qty":10}}
{"cat":"ORDER","data":{"ts":"2026-01-11T17:49:10.9856055Z","type":"OrderSubmit","orderId":0,"instId":1001,"side":"Sell","px":99.80549134325956,"qty":10}}
{"cat":"PNL","data":{"ts":"2026-01-11T17:49:10.9949628Z","instId":1001,"pos":17,"realPnL":41.8508948168342,"unrealPnL":0.09420515225642134}}
{"cat":"PNL","data":{"ts":"2026-01-11T17:49:10.9950121Z","instId":1001,"pos":17,"realPnL":41.8508948168342,"unrealPnL":0.5942051522566061}}
{"cat":"FILL","data":{"ts":"2026-01-11T17:49:10.9950384Z","fillId":113,"orderId":0,"instId":1001,"side":"Buy","px":99.70549134325957,"qty":10}}
{"cat":"PNL","data":{"ts":"2026-01-11T17:49:11.0101913Z","instId":1001,"pos":7,"realPnL":42.700427259338056,"unrealPnL":0.5942051522566061}}
{"cat":"PNL","data":{"ts":"2026-01-11T17:49:11.0102362Z","instId":1001,"pos":7,"realPnL":42.700427259338056,"unrealPnL":0.24467270975272015}}
{"cat":"FILL","data":{"ts":"2026-01-11T17:49:11.0102568Z","fillId":114,"orderId":0,"instId":1001,"side":"Sell","px":99.80549134325956,"qty":10}}
{"cat":"PNL","data":{"ts":"2026-01-11T17:49:11.0785286Z","instId":1001,"pos":7,"realPnL":42.700427259338056,"unrealPnL":0.5461378155543315}}
{"cat":"ORDER","data":{"ts":"2026-01-11T17:49:11.0863584Z","type":"OrderSubmit","orderId":0,"instId":1001,"side":"Buy","px":99.74855778694551,"qty":10}}
{"cat":"ORDER","data":{"ts":"2026-01-11T17:49:11.0864195Z","type":"OrderSubmit","orderId":0,"instId":1001,"side":"Sell","px":99.8485577869455,"qty":10}}
{"cat":"PNL","data":{"ts":"2026-01-11T17:49:11.1018319Z","instId":1001,"pos":17,"realPnL":42.700427259338056,"unrealPnL":0.5461378155543315}}
{"cat":"PNL","data":{"ts":"2026-01-11T17:49:11.1018754Z","instId":1001,"pos":17,"realPnL":42.700427259338056,"unrealPnL":1.0461378155543315}}
{"cat":"FILL","data":{"ts":"2026-01-11T17:49:11.1018971Z","fillId":115,"orderId":0,"instId":1001,"side":"Buy","px":99.74855778694551,"qty":10}}
{"cat":"PNL","data":{"ts":"2026-01-11T17:49:11.1054258Z","instId":1001,"pos":7,"realPnL":43.81580244495822,"unrealPnL":1.0461378155543315}}
{"cat":"PNL","data":{"ts":"2026-01-11T17:49:11.1054734Z","instId":1001,"pos":7,"realPnL":43.81580244495822,"unrealPnL":0.4307626299341365}}
{"cat":"FILL","data":{"ts":"2026-01-11T17:49:11.1054923Z","fillId":116,"orderId":0,"instId":1001,"side":"Sell","px":99.8485577869455,"qty":10}}
{"cat":"PNL","data":{"ts":"2026-01-11T17:49:11.1866030Z","instId":1001,"pos":7,"realPnL":43.81580244495822,"unrealPnL":0.20462219504494783}}
{"cat":"ORDER","data":{"ts":"2026-01-11T17:49:11.2019540Z","type":"OrderSubmit","orderId":0,"instId":1001,"side":"Buy","px":99.71625201053277,"qty":10}}
{"cat":"ORDER","data":{"ts":"2026-01-11T17:49:11.2020137Z","type":"OrderSubmit","orderId":0,"instId":1001,"side":"Sell","px":99.81625201053276,"qty":10}}
{"cat":"PNL","data":{"ts":"2026-01-11T17:49:11.2182279Z","instId":1001,"pos":17,"realPnL":43.81580244495822,"unrealPnL":0.20462219504494783}}
{"cat":"PNL","data":{"ts":"2026-01-11T17:49:11.2182770Z","instId":1001,"pos":17,"realPnL":43.81580244495822,"unrealPnL":0.7046221950446778}}
{"cat":"FILL","data":{"ts":"2026-01-11T17:49:11.2183007Z","fillId":117,"orderId":0,"instId":1001,"side":"Buy","px":99.71625201053277,"qty":10}}
{"cat":"PNL","data":{"ts":"2026-01-11T17:49:11.2317231Z","instId":1001,"pos":7,"realPnL":44.73028608910212,"unrealPnL":0.7046221950446778}}
{"cat":"PNL","data":{"ts":"2026-01-11T17:49:11.2317619Z","instId":1001,"pos":7,"realPnL":44.73028608910212,"unrealPnL":0.2901385509007497}}
{"cat":"FILL","data":{"ts":"2026-01-11T17:49:11.2317811Z","fillId":118,"orderId":0,"instId":1001,"side":"Sell","px":99.81625201053276,"qty":10}}
{"cat":"PNL","data":{"ts":"2026-01-11T17:49:11.2868260Z","instId":1001,"pos":7,"realPnL":44.73028608910212,"unrealPnL":0.0065067124460682635}}
{"cat":"ORDER","data":{"ts":"2026-01-11T17:49:11.2972709Z","type":"OrderSubmit","orderId":0,"instId":1001,"side":"Buy","px":99.67573317646782,"qty":10}}
{"cat":"ORDER","data":{"ts":"2026-01-11T17:49:11.2973047Z","type":"OrderSubmit","orderId":0,"instId":1001,"side":"Sell","px":99.77573317646781,"qty":10}}
{"cat":"PNL","data":{"ts":"2026-01-11T17:49:11.3123892Z","instId":1001,"pos":17,"realPnL":44.73028608910212,"unrealPnL":0.0065067124460682635}}
{"cat":"PNL","data":{"ts":"2026-01-11T17:49:11.3124500Z","instId":1001,"pos":17,"realPnL":44.73028608910212,"unrealPnL":0.5065067124459546}}
{"cat":"FILL","data":{"ts":"2026-01-11T17:49:11.3124726Z","fillId":119,"orderId":0,"instId":1001,"side":"Buy","px":99.67573317646782,"qty":10}}
{"cat":"SYSTEM","data":{"ts":"2026-01-11T17:49:11.3284437Z","level":"INFO","comp":"EXECUTION","msg":"Partial fill for Order 0: 6/10"}}
{"cat":"PNL","data":{"ts":"2026-01-11T17:49:11.3285226Z","instId":1001,"pos":11,"realPnL":45.20905316408303,"unrealPnL":0.5065067124459546}}
{"cat":"PNL","data":{"ts":"2026-01-11T17:49:11.3285537Z","instId":1001,"pos":11,"realPnL":45.20905316408303,"unrealPnL":0.32773963746502943}}
{"cat":"FILL","data":{"ts":"2026-01-11T17:49:11.3285868Z","fillId":120,"orderId":0,"instId":1001,"side":"Sell","px":99.77573317646781,"qty":6}}
{"cat":"PNL","data":{"ts":"2026-01-11T17:49:11.3879841Z","instId":1001,"pos":11,"realPnL":45.20905316408303,"unrealPnL":0.23762329831596674}}
{"cat":"ORDER","data":{"ts":"2026-01-11T17:49:11.4029815Z","type":"OrderSubmit","orderId":0,"instId":1001,"side":"Buy","px":99.66754078199972,"qty":10}}
{"cat":"ORDER","data":{"ts":"2026-01-11T17:49:11.4030119Z","type":"OrderSubmit","orderId":0,"instId":1001,"side":"Sell","px":99.76754078199971,"qty":10}}
{"cat":"PNL","data":{"ts":"2026-01-11T17:49:11.4182902Z","instId":1001,"pos":21,"realPnL":45.20905316408303,"unrealPnL":0.23762329831596674}}
{"cat":"PNL","data":{"ts":"2026-01-11T17:49:11.4183307Z","instId":1001,"pos":21,"realPnL":45.20905316408303,"unrealPnL":0.7376232983156541}}
{"cat":"FILL","data":{"ts":"2026-01-11T17:49:11.4183615Z","fillId":121,"orderId":0,"instId":1001,"side":"Buy","px":99.66754078199972,"qty":10}}
{"cat":"PNL","data":{"ts":"2026-01-11T17:49:11.4280972Z","instId":1001,"pos":11,"realPnL":46.06030235375712,"unrealPnL":0.7376232983156541}}
{"cat":"PNL","data":{"ts":"2026-01-11T17:49:11.4281542Z","instId":1001,"pos":11,"realPnL":46.06030235375712,"unrealPnL":0.3863741086415331}}
{"cat":"FILL","data":{"ts":"2026-01-11T17:49:11.4281898Z","fillId":122,"orderId":0,"instId":1001,"side":"Sell","px":99.76754078199971,"qty":10}}
{"cat":"PNL","data":{"ts":"2026-01-11T17:49:11.5018840Z","instId":1001,"pos":11,"realPnL":46.06030235375712,"unrealPnL":0.21024162768952692}}
{"cat":"ORDER","data":{"ts":"2026-01-11T17:49:11.5065849Z","type":"OrderSubmit","orderId":0,"instId":1001,"side":"Buy","px":99.65152873827681,"qty":10}}
{"cat":"ORDER","data":{"ts":"2026-01-11T17:49:11.5066105Z","type":"OrderSubmit","orderId":0,"instId":1001,"side":"Sell","px":99.7515287382768,"qty":10}}
{"cat":"PNL","data":{"ts":"2026-01-11T17:49:11.5135861Z","instId":1001,"pos":21,"realPnL":46.06030235375712,"unrealPnL":0.21024162768952692}}
{"cat":"PNL","data":{"ts":"2026-01-11T17:49:11.5136171Z","instId":1001,"pos":21,"realPnL":46.06030235375712,"unrealPnL":0.7102416276892427}}
{"cat":"FILL","data":{"ts":"2026-01-11T17:49:11.5136354Z","fillId":123,"orderId":0,"instId":1001,"side":"Buy","px":99.65152873827681,"qty":10}}
{"cat":"PNL","data":{"ts":"2026-01-11T17:49:11.5289373Z","instId":1001,"pos":11,"realPnL":46.898512652656734,"unrealPnL":0.7102416276892427}}
{"cat":"PNL","data":{"ts":"2026-01-11T17:49:11.5289761Z","instId":1001,"pos":11,"realPnL":46.898512652656734,"unrealPnL":0.3720313287896033}}
{"cat":"FILL","data":{"ts":"2026-01-11T17:49:11.5290169Z","fillId":124,"orderId":0,"instId":1001,"side":"Sell","px":99.7515287382768,"qty":10}}
{"cat":"PNL","data":{"ts":"2026-01-11T17:49:11.6022733Z","instId":1001,"pos":11,"realPnL":46.898512652656734,"unrealPnL":-0.16151363386960327}}
{"cat":"ORDER","data":{"ts":"2026-01-11T17:49:11.6175741Z","type":"OrderSubmit","orderId":0,"instId":1001,"side":"Buy","px":99.60302465076234,"qty":10}}
{"cat":"ORDER","data":{"ts":"2026-01-11T17:49:11.6176598Z","type":"OrderSubmit","orderId":0,"instId":1001,"side":"Sell","px":99.70302465076233,"qty":10}}
{"cat":"PNL","data":{"ts":"2026-01-11T17:49:11.6281030Z","instId":1001,"pos":21,"realPnL":46.898512652656734,"unrealPnL":-0.16151363386960327}}
{"cat":"PNL","data":{"ts":"2026-01-11T17:49:11.6281706Z","instId":1001,"pos":21,"realPnL":46.898512652656734,"unrealPnL":0.33848636613043936}}
{"cat":"FILL","data":{"ts":"2026-01-11T17:49:11.6282251Z","fillId":125,"orderId":0,"instId":1001,"side":"Buy","px":99.60302465076234,"qty":10}}
{"cat":"PNL","data":{"ts":"2026-01-11T17:49:11.6438001Z","instId":1001,"pos":11,"realPnL":47.559696636528344,"unrealPnL":0.33848636613043936}}
{"cat":"PNL","data":{"ts":"2026-01-11T17:49:11.6438289Z","instId":1001,"pos":11,"realPnL":47.559696636528344,"unrealPnL":0.17730238225880157}}
{"cat":"FILL","data":{"ts":"2026-01-11T17:49:11.6438425Z","fillId":126,"orderId":0,"instId":1001,"side":"Sell","px":99.70302465076233,"qty":10}}
{"cat":"PNL","data":{"ts":"2026-01-11T17:49:11.7106756Z","instId":1001,"pos":11,"realPnL":47.559696636528344,"unrealPnL":0.5289281388994738}}
{"cat":"ORDER","data":{"ts":"2026-01-11T17:49:11.7259254Z","type":"OrderSubmit","orderId":0,"instId":1001,"side":"Buy","px":99.63499062863876,"qty":10}}
{"cat":"ORDER","data":{"ts":"2026-01-11T17:49:11.7259735Z","type":"OrderSubmit","orderId":0,"instId":1001,"side":"Sell","px":99.73499062863876,"qty":10}}
{"cat":"PNL","data":{"ts":"2026-01-11T17:49:11.7284696Z","instId":1001,"pos":21,"realPnL":47.559696636528344,"unrealPnL":0.5289281388994738}}
{"cat":"PNL","data":{"ts":"2026-01-11T17:49:11.7285185Z","instId":1001,"pos":21,"realPnL":47.559696636528344,"unrealPnL":1.0289281388994738}}
{"cat":"FILL","data":{"ts":"2026-01-11T17:49:11.7285450Z","fillId":127,"orderId":0,"instId":1001,"side":"Buy","px":99.63499062863876,"qty":10}}
{"cat":"PNL","data":{"ts":"2026-01-11T17:49:11.7443228Z","instId":1001,"pos":11,"realPnL":48.549662416956636,"unrealPnL":1.0289281388994738}}
{"cat":"PNL","data":{"ts":"2026-01-11T17:49:11.7443763Z","instId":1001,"pos":11,"realPnL":48.549662416956636,"unrealPnL":0.5389623584711529}}
{"cat":"FILL","data":{"ts":"2026-01-11T17:49:11.7443966Z","fillId":128,"orderId":0,"instId":1001,"side":"Sell","px":99.73499062863876,"qty":10}}
{"cat":"PNL","data":{"ts":"2026-01-11T17:49:11.8113159Z","instId":1001,"pos":11,"realPnL":48.549662416956636,"unrealPnL":0.010662639898185944}}
{"cat":"ORDER","data":{"ts":"2026-01-11T17:49:11.8264840Z","type":"OrderSubmit","orderId":0,"instId":1001,"side":"Buy","px":99.58696338149576,"qty":10}}
{"cat":"ORDER","data":{"ts":"2026-01-11T17:49:11.8265229Z","type":"OrderSubmit","orderId":0,"instId":1001,"side":"Sell","px":99.68696338149576,"qty":10}}
{"cat":"PNL","data":{"ts":"2026-01-11T17:49:11.8516586Z","instId":1001,"pos":21,"realPnL":48.549662416956636,"unrealPnL":0.010662639898185944}}
{"cat":"PNL","data":{"ts":"2026-01-11T17:49:11.8517196Z","instId":1001,"pos":21,"realPnL":48.549662416956636,"unrealPnL":0.5106626398981149}}
{"cat":"FILL","data":{"ts":"2026-01-11T17:49:11.8517468Z","fillId":129,"orderId":0,"instId":1001,"side":"Buy","px":99.58696338149576,"qty":10}}
{"cat":"PNL","data":{"ts":"2026-01-11T17:49:11.8670483Z","instId":1001,"pos":11,"realPnL":49.29283510262238,"unrealPnL":0.5106626398981149}}
{"cat":"PNL","data":{"ts":"2026-01-11T17:49:11.8671239Z","instId":1001,"pos":11,"realPnL":49.29283510262238,"unrealPnL":0.2674899542323459}}
{"cat":"FILL","data":{"ts":"2026-01-11T17:49:11.8671555Z","fillId":130,"orderId":0,"instId":1001,"side":"Sell","px":99.68696338149576,"qty":10}}
{"cat":"PNL","data":{"ts":"2026-01-11T17:49:11.9183149Z","instId":1001,"pos":11,"realPnL":49.29283510262238,"unrealPnL":0.6740530965267482}}
{"cat":"ORDER","data":{"ts":"2026-01-11T17:49:11.9279318Z","type":"OrderSubmit","orderId":0,"instId":1001,"side":"Buy","px":99.62392366715889,"qty":10}}
{"cat":"ORDER","data":{"ts":"2026-01-11T17:49:11.9279705Z","type":"OrderSubmit","orderId":0,"instId":1001,"side":"Sell","px":99.72392366715889,"qty":10}}
{"cat":"PNL","data":{"ts":"2026-01-11T17:49:11.9429957Z","instId":1001,"pos":21,"realPnL":49.29283510262238,"unrealPnL":0.6740530965267482}}
{"cat":"PNL","data":{"ts":"2026-01-11T17:49:11.9430475Z","instId":1001,"pos":21,"realPnL":49.29283510262238,"unrealPnL":1.1740530965267766}}
{"cat":"FILL","data":{"ts":"2026-01-11T17:49:11.9430707Z","fillId":131,"orderId":0,"instId":1001,"side":"Buy","px":99.62392366715889,"qty":10}}
{"cat":"PNL","data":{"ts":"2026-01-11T17:49:11.9585214Z","instId":1001,"pos":11,"realPnL":50.35190800573034,"unrealPnL":1.1740530965267766}}
{"cat":"PNL","data":{"ts":"2026-01-11T17:49:11.9585971Z","instId":1001,"pos":11,"realPnL":50.35190800573034,"unrealPnL":0.6149801934187877}}
{"cat":"FILL","data":{"ts":"2026-01-11T17:49:11.9586404Z","fillId":132,"orderId":0,"instId":1001,"side":"Sell","px":99.72392366715889,"qty":10}}
{"cat":"PNL","data":{"ts":"2026-01-11T17:49:12.0331681Z","instId":1001,"pos":11,"realPnL":50.35190800573034,"unrealPnL":0.868628808397105}}
{"cat":"ORDER","data":{"ts":"2026-01-11T17:49:12.0459802Z","type":"OrderSubmit","orderId":0,"instId":1001,"side":"Buy","px":99.64698263215692,"qty":10}}
{"cat":"ORDER","data":{"ts":"2026-01-11T17:49:12.0463892Z","type":"OrderSubmit","orderId":0,"instId":1001,"side":"Sell","px":99.74698263215691,"qty":10}}
{"cat":"PNL","data":{"ts":"2026-01-11T17:49:12.0611422Z","instId":1001,"pos":21,"realPnL":50.35190800573034,"unrealPnL":0.868628808397105}}
{"cat":"PNL","data":{"ts":"2026-01-11T17:49:12.0612247Z","instId":1001,"pos":21,"realPnL":50.35190800573034,"unrealPnL":1.3686288083968492}}
{"cat":"FILL","data":{"ts":"2026-01-11T17:49:12.0612723Z","fillId":133,"orderId":0,"instId":1001,"side":"Buy","px":99.64698263215692,"qty":10}}
{"cat":"SYSTEM","data":{"ts":"2026-01-11T17:49:12.0670784Z","level":"INFO","comp":"EXECUTION","msg":"Partial fill for Order 0: 9/10"}}
{"cat":"PNL","data":{"ts":"2026-01-11T17:49:12.0671196Z","instId":1001,"pos":12,"realPnL":51.38846320932896,"unrealPnL":1.3686288083968492}}
{"cat":"PNL","data":{"ts":"2026-01-11T17:49:12.0671292Z","instId":1001,"pos":12,"realPnL":51.38846320932896,"unrealPnL":0.7820736047981995}}
{"cat":"FILL","data":{"ts":"2026-01-11T17:49:12.0671487Z","fillId":134,"orderId":0,"instId":1001,"side":"Sell","px":99.74698263215691,"qty":9}}
{"cat":"PNL","data":{"ts":"2026-01-11T17:49:12.1365018Z","instId":1001,"pos":12,"realPnL":51.38846320932896,"unrealPnL":1.1036801231829827}}
{"cat":"ORDER","data":{"ts":"2026-01-11T17:49:12.1474158Z","type":"OrderSubmit","orderId":0,"instId":1001,"side":"Buy","px":99.67378317535565,"qty":10}}
{"cat":"ORDER","data":{"ts":"2026-01-11T17:49:12.1474602Z","type":"OrderSubmit","orderId":0,"instId":1001,"side":"Sell","px":99.77378317535565,"qty":10}}
{"cat":"PNL","data":{"ts":"2026-01-11T17:49:12.1638718Z","instId":1001,"pos":22,"realPnL":51.38846320932896,"unrealPnL":1.1036801231829827}}
{"cat":"PNL","data":{"ts":"2026-01-11T17:49:12.1639708Z","instId":1001,"pos":22,"realPnL":51.38846320932896,"unrealPnL":1.6036801231828122}}
{"cat":"FILL","data":{"ts":"2026-01-11T17:49:12.1640384Z","fillId":135,"orderId":0,"instId":1001,"side":"Buy","px":99.67378317535565,"qty":10}}
{"cat":"PNL","data":{"ts":"2026-01-11T17:49:12.1795133Z","instId":1001,"pos":12,"realPnL":52.617408719866575,"unrealPnL":1.6036801231828122}}
{"cat":"PNL","data":{"ts":"2026-01-11T17:49:12.1795801Z","instId":1001,"pos":12,"realPnL":52.617408719866575,"unrealPnL":0.8747346126451703}}
{"cat":"FILL","data":{"ts":"2026-01-11T17:49:12.1796082Z","fillId":136,"orderId":0,"instId":1001,"side":"Sell","px":99.77378317535565,"qty":10}}
{"cat":"PNL","data":{"ts":"2026-01-11T17:49:12.2488067Z","instId":1001,"pos":12,"realPnL":52.617408719866575,"unrealPnL":0.711600316423926}}
{"cat":"ORDER","data":{"ts":"2026-01-11T17:49:12.2534087Z","type":"OrderSubmit","orderId":0,"instId":1001,"side":"Buy","px":99.66018865067055,"qty":10}}
{"cat":"ORDER","data":{"ts":"2026-01-11T17:49:12.2535681Z","type":"OrderSubmit","orderId":0,"instId":1001,"side":"Sell","px":99.76018865067054,"qty":10}}
{"cat":"PNL","data":{"ts":"2026-01-11T17:49:12.2701548Z","instId":1001,"pos":22,"realPnL":52.617408719866575,"unrealPnL":0.711600316423926}}
{"cat":"PNL","data":{"ts":"2026-01-11T17:49:12.2702311Z","instId":1001,"pos":22,"realPnL":52.617408719866575,"unrealPnL":1.2116003164239828}}
{"cat":"FILL","data":{"ts":"2026-01-11T17:49:12.2702644Z","fillId":137,"orderId":0,"instId":1001,"side":"Buy","px":99.66018865067055,"qty":10}}
{"cat":"PNL","data":{"ts":"2026-01-11T17:49:12.2779060Z","instId":1001,"pos":12,"realPnL":53.6681361364229,"unrealPnL":1.2116003164239828}}
{"cat":"PNL","data":{"ts":"2026-01-11T17:49:12.2779627Z","instId":1001,"pos":12,"realPnL":53.6681361364229,"unrealPnL":0.660872899867627}}
{"cat":"FILL","data":{"ts":"2026-01-11T17:49:12.2779908Z","fillId":138,"orderId":0,"instId":1001,"side":"Sell","px":99.76018865067054,"qty":10}}
{"cat":"PNL","data":{"ts":"2026-01-11T17:49:12.3565833Z","instId":1001,"pos":12,"realPnL":53.6681361364229,"unrealPnL":0.9467762529653783}}
{"cat":"ORDER","data":{"ts":"2026-01-11T17:49:12.3695708Z","type":"OrderSubmit","orderId":0,"instId":1001,"side":"Buy","px":99.68401393009536,"qty":10}}
{"cat":"ORDER","data":{"ts":"2026-01-11T17:49:12.3696674Z","type":"OrderSubmit","orderId":0,"instId":1001,"side":"Sell","px":99.78401393009536,"qty":10}}
{"cat":"PNL","data":{"ts":"2026-01-11T17:49:12.3850196Z","instId":1001,"pos":22,"realPnL":53.6681361364229,"unrealPnL":0.9467762529653783}}
{"cat":"PNL","data":{"ts":"2026-01-11T17:49:12.3850690Z","instId":1001,"pos":22,"realPnL":53.6681361364229,"unrealPnL":1.4467762529651509}}
{"cat":"FILL","data":{"ts":"2026-01-11T17:49:12.3850934Z","fillId":139,"orderId":0,"instId":1001,"side":"Buy","px":99.68401393009536,"qty":10}}
{"cat":"PNL","data":{"ts":"2026-01-11T17:49:12.4009741Z","instId":1001,"pos":12,"realPnL":54.82576170595249,"unrealPnL":1.4467762529651509}}
{"cat":"PNL","data":{"ts":"2026-01-11T17:49:12.4010335Z","instId":1001,"pos":12,"realPnL":54.82576170595249,"unrealPnL":0.7891506834355368}}
{"cat":"FILL","data":{"ts":"2026-01-11T17:49:12.4010738Z","fillId":140,"orderId":0,"instId":1001,"side":"Sell","px":99.78401393009536,"qty":10}}
{"cat":"PNL","data":{"ts":"2026-01-11T17:49:12.4635178Z","instId":1001,"pos":12,"realPnL":54.82576170595249,"unrealPnL":1.042565427785462}}
{"cat":"ORDER","data":{"ts":"2026-01-11T17:49:12.4795669Z","type":"OrderSubmit","orderId":0,"instId":1001,"side":"Buy","px":99.70513182545785,"qty":10}}
{"cat":"ORDER","data":{"ts":"2026-01-11T17:49:12.4796141Z","type":"OrderSubmit","orderId":0,"instId":1001,"side":"Sell","px":99.80513182545785,"qty":10}}
{"cat":"PNL","data":{"ts":"2026-01-11T17:49:12.4872343Z","instId":1001,"pos":22,"realPnL":54.82576170595249,"unrealPnL":1.042565427785462}}
{"cat":"PNL","data":{"ts":"2026-01-11T17:49:12.4872824Z","instId":1001,"pos":22,"realPnL":54.82576170595249,"unrealPnL":1.542565427785945}}
{"cat":"FILL","data":{"ts":"2026-01-11T17:49:12.4873062Z","fillId":141,"orderId":0,"instId":1001,"side":"Buy","px":99.70513182545785,"qty":10}}
{"cat":"PNL","data":{"ts":"2026-01-11T17:49:12.4992669Z","instId":1001,"pos":12,"realPnL":56.026927809491525,"unrealPnL":1.542565427785945}}
{"cat":"PNL","data":{"ts":"2026-01-11T17:49:12.4993309Z","instId":1001,"pos":12,"realPnL":56.026927809491525,"unrealPnL":0.8413993242468791}}
{"cat":"FILL","data":{"ts":"2026-01-11T17:49:12.4993608Z","fillId":142,"orderId":0,"instId":1001,"side":"Sell","px":99.80513182545785,"qty":10}}
{"cat":"PNL","data":{"ts":"2026-01-11T17:49:12.5780286Z","instId":1001,"pos":12,"realPnL":56.026927809491525,"unrealPnL":0.7682973192937084}}
{"cat":"ORDER","data":{"ts":"2026-01-11T17:49:12.5863012Z","type":"OrderSubmit","orderId":0,"instId":1001,"side":"Buy","px":99.69903999171176,"qty":10}}
{"cat":"ORDER","data":{"ts":"2026-01-11T17:49:12.5863410Z","type":"OrderSubmit","orderId":0,"instId":1001,"side":"Sell","px":99.79903999171175,"qty":10}}
{"cat":"PNL","data":{"ts":"2026-01-11T17:49:12.6004442Z","instId":1001,"pos":22,"realPnL":56.026927809491525,"unrealPnL":0.7682973192937084}}
{"cat":"PNL","data":{"ts":"2026-01-11T17:49:12.6004915Z","instId":1001,"pos":22,"realPnL":56.026927809491525,"unrealPnL":1.268297319293481}}
{"cat":"FILL","data":{"ts":"2026-01-11T17:49:12.6005366Z","fillId":143,"orderId":0,"instId":1001,"side":"Buy","px":99.69903999171176,"qty":10}}
{"cat":"PNL","data":{"ts":"2026-01-11T17:49:12.6156885Z","instId":1001,"pos":12,"realPnL":57.10342659098853,"unrealPnL":1.268297319293481}}
{"cat":"PNL","data":{"ts":"2026-01-11T17:49:12.6157443Z","instId":1001,"pos":12,"realPnL":57.10342659098853,"unrealPnL":0.6917985377964442}}
{"cat":"FILL","data":{"ts":"2026-01-11T17:49:12.6157710Z","fillId":144,"orderId":0,"instId":1001,"side":"Sell","px":99.79903999171175,"qty":10}}
{"cat":"PNL","data":{"ts":"2026-01-11T17:49:12.6780457Z","instId":1001,"pos":12,"realPnL":57.10342659098853,"unrealPnL":0.5413667621452305}}
{"cat":"ORDER","data":{"ts":"2026-01-11T17:49:12.6862946Z","type":"OrderSubmit","orderId":0,"instId":1001,"side":"Buy","px":99.68650401040749,"qty":10}}
{"cat":"ORDER","data":{"ts":"2026-01-11T17:49:12.6863645Z","type":"OrderSubmit","orderId":0,"instId":1001,"side":"Sell","px":99.78650401040748,"qty":10}}
{"cat":"PNL","data":{"ts":"2026-01-11T17:49:12.6983957Z","instId":1001,"pos":22,"realPnL":57.10342659098853,"unrealPnL":0.5413667621452305}}
{"cat":"PNL","data":{"ts":"2026-01-11T17:49:12.6984397Z","instId":1001,"pos":22,"realPnL":57.10342659098853,"unrealPnL":1.0413667621453726}}
{"cat":"FILL","data":{"ts":"2026-01-11T17:49:12.6984600Z","fillId":145,"orderId":0,"instId":1001,"side":"Buy","px":99.68650401040749,"qty":10}}
{"cat":"PNL","data":{"ts":"2026-01-11T17:49:12.7113160Z","instId":1001,"pos":12,"realPnL":58.0767751192364,"unrealPnL":1.0413667621453726}}
{"cat":"PNL","data":{"ts":"2026-01-11T17:49:12.7113674Z","instId":1001,"pos":12,"realPnL":58.0767751192364,"unrealPnL":0.568018233897476}}
{"cat":"FILL","data":{"ts":"2026-01-11T17:49:12.7113845Z","fillId":146,"orderId":0,"instId":1001,"side":"Sell","px":99.78650401040748,"qty":10}}
{"cat":"PNL","data":{"ts":"2026-01-11T17:49:12.8864943Z","instId":1001,"pos":12,"realPnL":58.0767751192364,"unrealPnL":0.7447634416806181}}
{"cat":"ORDER","data":{"ts":"2026-01-11T17:49:12.9016385Z","type":"OrderSubmit","orderId":0,"instId":1001,"side":"Buy","px":99.70123277772275,"qty":10}}
{"cat":"ORDER","data":{"ts":"2026-01-11T17:49:12.9016811Z","type":"OrderSubmit","orderId":0,"instId":1001,"side":"Sell","px":99.80123277772275,"qty":10}}
{"cat":"PNL","data":{"ts":"2026-01-11T17:49:12.9179074Z","instId":1001,"pos":22,"realPnL":58.0767751192364,"unrealPnL":0.7447634416806181}}
{"cat":"PNL","data":{"ts":"2026-01-11T17:49:12.9179655Z","instId":1001,"pos":22,"realPnL":58.0767751192364,"unrealPnL":1.2447634416804476}}
{"cat":"FILL","data":{"ts":"2026-01-11T17:49:12.9179887Z","fillId":147,"orderId":0,"instId":1001,"side":"Buy","px":99.70123277772275,"qty":10}}
{"cat":"PNL","data":{"ts":"2026-01-11T17:49:12.9333809Z","instId":1001,"pos":12,"realPnL":59.14257668363658,"unrealPnL":1.2447634416804476}}
{"cat":"PNL","data":{"ts":"2026-01-11T17:49:12.9334543Z","instId":1001,"pos":12,"realPnL":59.14257668363658,"unrealPnL":0.6789618772802442}}
{"cat":"FILL","data":{"ts":"2026-01-11T17:49:12.9335077Z","fillId":148,"orderId":0,"instId":1001,"side":"Sell","px":99.80123277772275,"qty":10}}
{"cat":"PNL","data":{"ts":"2026-01-11T17:49:12.9871943Z","instId":1001,"pos":12,"realPnL":59.14257668363658,"unrealPnL":0.8619073185406592}}
{"cat":"ORDER","data":{"ts":"2026-01-11T17:49:12.9944914Z","type":"OrderSubmit","orderId":0,"instId":1001,"side":"Buy","px":99.71647823116112,"qty":10}}
{"cat":"ORDER","data":{"ts":"2026-01-11T17:49:12.9945223Z","type":"OrderSubmit","orderId":0,"instId":1001,"side":"Sell","px":99.81647823116111,"qty":10}}
{"cat":"PNL","data":{"ts":"2026-01-11T17:49:12.9988918Z","instId":1001,"pos":22,"realPnL":59.14257668363658,"unrealPnL":0.8619073185406592}}
{"cat":"PNL","data":{"ts":"2026-01-11T17:49:12.9989479Z","instId":1001,"pos":22,"realPnL":59.14257668363658,"unrealPnL":1.3619073185406592}}
{"cat":"FILL","data":{"ts":"2026-01-11T17:49:12.9989687Z","fillId":149,"orderId":0,"instId":1001,"side":"Buy","px":99.71647823116112,"qty":10}}
{"cat":"PNL","data":{"ts":"2026-01-11T17:49:13.0146349Z","instId":1001,"pos":12,"realPnL":60.26162546479139,"unrealPnL":1.3619073185406592}}
{"cat":"PNL","data":{"ts":"2026-01-11T17:49:13.0146919Z","instId":1001,"pos":12,"realPnL":60.26162546479139,"unrealPnL":0.7428585373858141}}
{"cat":"FILL","data":{"ts":"2026-01-11T17:49:13.0147165Z","fillId":150,"orderId":0,"instId":1001,"side":"Sell","px":99.81647823116111,"qty":10}}
{"cat":"PNL","data":{"ts":"2026-01-11T17:49:13.0987689Z","instId":1001,"pos":12,"realPnL":60.26162546479139,"unrealPnL":0.4544153709545071}}
{"cat":"ORDER","data":{"ts":"2026-01-11T17:49:13.1028885Z","type":"OrderSubmit","orderId":0,"instId":1001,"side":"Buy","px":99.69244130062518,"qty":10}}
{"cat":"ORDER","data":{"ts":"2026-01-11T17:49:13.1029621Z","type":"OrderSubmit","orderId":0,"instId":1001,"side":"Sell","px":99.79244130062517,"qty":10}}
{"cat":"PNL","data":{"ts":"2026-01-11T17:49:13.1065633Z","instId":1001,"pos":22,"realPnL":60.26162546479139,"unrealPnL":0.4544153709545071}}
{"cat":"PNL","data":{"ts":"2026-01-11T17:49:13.1066050Z","instId":1001,"pos":22,"realPnL":60.26162546479139,"unrealPnL":0.9544153709542229}}
{"cat":"FILL","data":{"ts":"2026-01-11T17:49:13.1066231Z","fillId":151,"orderId":0,"instId":1001,"side":"Buy","px":99.69244130062518,"qty":10}}
